3550 5417
298 291 373 368 150

296 465 382 541 thee
401 462 593 540 sufficiente
612 465 805 565 quantitate
832 468 868 537 in
888 468 954 564 ju-

296 580 386 638 stam
410 566 667 638 consistentiam
695 565 771 638 sive
798 569 952 635 massam

295 661 509 762 redigendus
530 676 595 752 est,
629 688 669 734 ex
699 687 773 759 qua
798 686 865 759 pro
891 660 953 733 lu-

295 759 372 832 bitu
395 758 574 835 Candclae
602 759 749 833 formari
777 775 953 856 poterunt

295 857 331 921 Si
363 879 481 921 massae
515 858 610 921 modo
635 856 840 941 praescriptae
868 859 952 920 Bals.

294 940 407 1005 Peror.
419 944 496 1004 Unc.
509 939 619 1015 semis,
641 938 692 1001 Ol.
708 939 820 1000 destill.
838 939 952 1020 Carya-

318 1020 410 1102 bylh,
443 1022 534 1104 Lign.
562 1019 697 1090 Rhodii,
730 1019 898 1082 Larandul.
919 1026 952 1086 {a

294 1044 406 1248 {erup
417 1121 496 1243 ulnus
505 1101 670 1242 efddunttltr,
685 1099 907 1243 fragrantqorps
919 1113 952 1163 et

406 1201 493 1244 eae
535 1204 619 1244 uma
646 1202 788 1244 escom
846 1203 908 1244 ea

294 1206 373 1344 qdod
402 1265 568 1333 dicuntur,
599 1261 726 1324 formari
750 1203 951 1345 posphuntffi

299 1351 391 1410 Utus:
420 1344 469 1407 Ad
495 1340 649 1421 suffitum3
675 1356 819 1428 tanquam
844 1347 950 1407 Moses

296 1428 386 1488 etiam
407 1427 550 1506 usurpari
566 1435 703 1507 potsunt.
716 1458 758 1471 —
773 1428 951 1488 Permultas

227 1560 238 1581 ,
294 1518 367 1570 sunt
379 1508 640 1590 praescriptiones
652 1507 689 1569 ad
706 1506 855 1590 parandas
873 1508 950 1570 Can·

294 1587 379 1651 delas
400 1587 543 1666 somnies,
562 1610 637 1673 quas
655 1599 896 1671 praetereamus.
909 1624 950 1637 -

293 1669 950 1754 Pharmacopoleerelinquendum‚siadato

294 1764 466 1834 praecepto
481 1753 552 1835 plue
570 1752 670 1814 minus
687 1751 846 1813 discedere
867 1753 949 1816 velit.

325 1836 342 1894 †
358 1834 586 1893 cassinensium,
607 1834 760 1882 Brucium
777 1851 820 1883 seu
838 1833 949 1883 Bruci-

294 1915 365 1949 num
383 1897 491 1965 (talu).
516 1896 682 1962 teutranno,
700 1893 812 1955 titurio.
841 1895 951 1946 Oam‘ra-

511 1960 597 2020 nu'ste,
615 1961 735 2012 Brsscr'ste.

327 2029 465 2079 Obtinstnr
485 2029 515 2077 in
545 2032 655 2096 parando
682 2027 834 2093 strychnio,
862 2044 950 2092 evapo-

212 2097 213 2100 ’
294 2096 374 2145 raudo
395 2096 502 2143 Lotum
520 2094 547 2142 in
568 2093 744 2158 purificatione
761 2093 890 2155 strychnii
907 2094 950 2142 ob·

294 2169 391 2220 tentat,
412 2160 584 2208 Cauiramium
598 2161 769 2218 continentes,
788 2159 818 2205 ad
837 2158 949 2219 siccum,

295 2223 427 2274 tractando
445 2225 571 2273 residuum
582 2219 680 2289 Spiritd
693 2224 752 2273 Viti
764 2222 897 2285 absoluto,
909 2225 950 2272 ab·

294 2291 429 2339 strabaudo
440 2290 561 2353 Spiritum
575 2306 604 2339 ea
618 2290 745 2339 solutione
754 2301 780 2337 et
792 2290 880 2338 iterata
896 2305 950 2354 cry·

294 2353 460 2405 militatione
477 2356 577 2404 residui.
589 2381 621 2395 -
638 2357 758 2405 Prismata
773 2353 873 2403 exhibet
883 2366 950 2404 recte

294 2419 443 2481 rhombica,
458 2422 554 2484 saepius
565 2421 715 2482 acicularia,
733 2420 854 2469 stellatitu
868 2437 950 2486 aggra-

294 2496 365 2549 gtta,
380 2487 419 2534 rel
436 2486 549 2535 lamellas
561 2487 696 2546 stiraceas,
721 2485 806 2546 albas,
832 2487 949 2550 margari-

242 2569 244 2574 >
295 2560 386 2609 taceas,
404 2566 490 2613 sapore
506 2551 815 2611 nauseare-amarissimo,
831 2552 889 2598 aere
904 2551 950 2598 im·

295 2615 447 2675 mutabiles,
473 2614 523 2663 leni
550 2617 635 2665 calare
657 2616 790 2678 liquefiunt
812 2626 837 2663 et
859 2631 948 2678 aquam

295 2682 424 2729 amittunt.
437 2709 466 2721 ·-
481 2682 551 2730 Pars.
562 2689 639 2730 const.
653 2681 776 2730 carbonel
788 2684 836 2739 32,
853 2682 950 2744 Hydro-

295 2745 363 2806 genii
381 2746 430 2805 36,
451 2745 572 2809 oxygonii
586 2748 603 2795 6
617 2746 727 2794 ethaoti
745 2762 759 2794 a
779 2745 856 2793 Pond.
877 2747 948 2794 titre.

294 2807 411 2871 crystalli
424 2808 507 2858 adhue
521 2810 798 2873 6AquaePond.ldi1t.
808 2810 950 2858 coudecet.

297 2896 331 2908 -
347 2874 454 2922 Aridum
474 2874 536 2922 nitri
551 2874 637 2923 colere
654 2876 751 2923 iuteuse
776 2875 870 2933 rubro,
894 2886 951 2937 post

245 2971 248 2978 .
297 2937 376 2998 llere,
393 2938 495 2988 imbuit.
512 2940 560 2989 ³50
574 2945 657 3002 Aquae
672 2939 779 2987 fervidae
792 2940 859 2987 Part.
869 2942 900 2987 sd
914 2955 951 2987 so·

295 3002 420 3054 lusionem
429 3005 542 3068 requirit.
549 3005 649 3054 Salutio
658 3003 777 3053 alcslium
786 3006 862 3052 modo
870 3005 952 3068 reaqit

294 3079 320 3116 et
335 3070 459 3118 tincturae
472 3069 596 3135 pallarum
612 3087 658 3134 ops
672 3069 742 3118 valde
755 3069 948 3134 praecipitatur-3

294 3132 322 3182 in
339 3135 431 3199 spiritu
450 3135 502 3188 sini
523 3137 696 3185 Canirtmiuru
715 3134 789 3183 facile
803 3134 904 3193 solutu,
922 3135 949 3182 ln

292 3198 392 3250 aethere
405 3217 456 3251 non
469 3202 526 3260 ita;v
542 3202 600 3267 ique
615 3202 816 3266 decompositur.
833 3226 866 3238 ·-
882 3199 950 3248 Salia
982 3203 994 3240 ’-

294 3263 389 3316 lormat
407 3282 465 3316 cum
482 3267 561 3316 acidia
579 3267 727 3331 plerumque
741 3264 815 3314 lacile
830 3264 950 3313 solubilia

292 3328 326 3443 iq
335 3337 438 3407 aqua'et
452 3331 670 3409 crystallisabilia,
687 3347 774 3441 sap'qrs
785 3329 950 3407 amarissimo,

294 3397 684 3508 atttitt¹‘t:t.²'.”tif¹“.“‘
695 3405 950 3520 titutum?

294 3523 389 3601 toxica,
418 3523 492 3572 laciie
509 3535 620 3572 satanam
636 3532 685 3572 cet.
709 3521 840 3599 efficiens,
865 3524 951 3572 minus

294 3587 949 3718 tttttitnt'ttqttt,:titissemitt.

295 3718 402 3782 paralysi
419 3718 550 3777 laudatur,
566 3736 662 3782 semper
677 3719 856 3782 circumspecte
866 3719 892 3767 in
903 3721 951 3769 exi·

327 3800 339 3830 a
357 3784 410 3831 doti
428 3783 661 3847 praescribendum!

292 3798 950 3903 idumaea!utuntuncsttuflttttotttnttttato

224 3956 231 3967 .
295 3908 420 3977 thurino,
433 3910 736 3977 Rttthtritsntomther.
755 3911 949 3962 Consternatus.

325 3981 429 4026 Paratur
443 3981 594 4028 extrahenda
615 3981 778 4029 Cantharides
794 3986 879 4043 Aqua,
896 3997 950 4030 era·

292 4045 404 4107 parando
411 4055 547 4093 extractum
555 4057 580 4094 et
588 4045 741 4094 extrahendo
750 4045 876 4094 residutm
887 4062 948 4094 cum

292 4108 454 4172 SpirituVini
464 4110 681 4168 rectificatiaaimo,
689 4111 781 4160 iterum
792 4114 947 4175 evaporando

292 4184 433 4222 extractum
455 4173 643 4236 alcoholicum,
667 4177 803 4240 digerendo
820 4178 948 4226 residuum
1006 4215 1008 4220 .

292 4253 352 4287 cum
372 4239 489 4303 Naphtlta
507 4239 612 4289 Vitrioli
627 4252 653 4289 et
673 4244 828 4306 evaporando
845 4241 948 4289 solutiu-

292 4320 349 4352 uem
365 4304 505 4353 aetheream
519 4303 612 4354 claram
623 4306 651 4354 ist
666 4308 732 4356 aira.
754 4307 947 4355 Cantharidittm

293 4368 412 4418 relictum
426 4370 523 4433 Spiritu
535 4372 595 4420 vini
609 4371 702 4436 lrigidu
718 4371 838 4421 abluitur.
856 4398 887 4408 -
904 4373 949 4419 La·

293 4433 382 4500 melias
394 4435 496 4484 exhibet
508 4452 604 4499 parvas,
623 4439 757 4495 calcareas,
774 4437 901 4496 inoduras,
914 4453 948 4484 sa·

292 4515 353 4611 pore
367 4501 491 4578 acerrimo
505 4501 629 4578 equalium
648 4503 698 4581 leui
718 4500 893 4579 calorstlacilc
909 4502 948 4549 do

306 4578 411 4628 tqueactt
423 4577 449 4615 et
466 4565 632 4627 sublimatur,
649 4565 788 4617 snsolubtle
804 4582 833 4614 sn
846 4581 908 4629 aqua
923 4577 948 4614 et

293 4631 456 4747 ttl‘h'tt‘.
466 4631 617 4747 iiiiii:
631 4642 696 4746 'lit
708 4630 855 4746 tilithi
862 4663 870 4690 ’
883 4631 949 4745 iti

294 4761 404 4827 naphtha
416 4775 441 4813 et
454 4715 683 4824 otaiciolutione·
698 4711 948 4812 indiffer'eutesqsuut.

295 4855 328 4870 -
339 4829 442 4880 Constat
453 4846 484 4880 aa
497 4830 642 4897 Carbones,
660 4826 834 4897 Hydroqauic,
851 4828 949 4894 Oxpga-

471 327 478 340 ·
558 287 849 362 cstmntflutt
867 327 919 343 -
935 288 1086 362 GARBO
1105 289 1230 362 LIGNI
1248 290 1389 365 PURUS

1002 468 1045 519 aie
1059 479 1086 518 st
1102 473 1231 517 hacto·
1242 469 1304 521 Vis:
1321 468 1429 517 maxime
1442 467 1558 529 irritans,
1571 468 1661 519 stima-

1001 531 1074 595 lana,
1089 534 1116 582 iu
1134 534 1232 598 exiguis
1246 533 1378 598 particulis
1401 550 1459 583 cum
1478 544 1538 583 cute
1555 533 1583 581 iu
1601 549 1662 583 con·

1002 609 1071 647 tactu
1087 600 1176 648 vesicas
1188 600 1312 658 excitans3
1332 615 1430 666 vapores
1445 598 1496 662 jam
1516 598 1592 648 iacila
1606 615 1660 663 per·

1001 663 1091 713 niciosi
1114 677 1180 713 snut.
1200 691 1233 704 -
1260 666 1337 715 Usus.-
1360 667 1406 713 Per
1427 681 1453 713 se
1474 666 1586 713 noudum
1611 680 1659 728 pro

1002 729 1184 778 medicamento
1199 729 1343 778 adhibetur.
1369 731 1413 779 Est
1424 741 1507 778 sutem
1528 727 1660 778 Canthari-

1001 794 1063 843 dum
1090 796 1194 844 materia
1221 796 1386 857 medicatrix,
1412 797 1478 844 uude
1499 794 1657 844 medicorum

1000 860 1139 910 attentione
1152 862 1267 926 dignum.

1033 941 1271 990 chNffihttlDUM
1285 941 1506 989 remeantum
1521 931 1660 1004 scubisp.

1000 999 1149 1055 Viennens.
1168 1007 1199 1055 fis
1218 1003 1354 1070 separando
1374 1006 1556 1065 cantharides,
1578 1009 1658 1053 Aceto

999 1069 1156 1128 interiectas,
1173 1088 1186 1118 a
1202 1072 1329 1135 capitibus
1343 1081 1368 1119 et
1381 1071 1445 1129 alia,
1462 1071 1658 1120 enitendo.-

1000 1137 1142 1184 Secundum
1160 1130 1215 1184 Pb.
1231 1135 1469 1202 Augustarum
1485 1145 1510 1184 et
1523 1135 1585 1184 alias
1597 1136 1662 1184 inte·

1001 1216 1043 1264 gra
1061 1201 1155 1251 insecta
1166 1201 1257 1252 siccata
1269 1199 1317 1248 hoc
1334 1200 1438 1248 nomine
1452 1200 1642 1265 intelliguntur.

1033 1283 1257 1339 mesletnuu
1268 1297 1312 1330 seu
1323 1282 1436 1330 nstitit
1448 1282 1584 1338 csestct,
1596 1276 1660 1342 Qun·

1000 1343 1074 1410 ticin,
1098 1344 1204 1412 idonee
1225 1344 1293 1411 burt
1314 1346 1359 1399 tat
1380 1341 1660 1410 [pertinentitibus.

1000 1408 1142 1475 Capertur.
1151 1441 1183 1452 -
1193 1413 1298 1462 Materia
1310 1412 1380 1475 qussi
1391 1412 1498 1460 resinosa
1505 1410 1603 1473 Capsici
1618 1428 1662 1460 an·

1000 1479 1045 1525 nui
1062 1481 1091 1536 (l.
1101 1496 1126 1543 p.
1134 1484 1202 1543 207.)
1219 1477 1397 1542 SpiritusVini
1411 1493 1458 1541 ope
1472 1476 1616 1525 obtinenda.
1625 1500 1660 1512 -

1000 1543 1164 1607 Summopere
1183 1545 1266 1603 acris,
1287 1543 1404 1601 irritans,
1428 1541 1503 1590 lacile
1518 1541 1607 1590 toxica.
1625 1569 1660 1581 -

999 1609 1073 1657 Vires
1081 1608 1319 1672 niedicstssCtpsici
1333 1608 1411 1656 annui
1425 1604 1586 1656 conceptrice
1596 1608 1623 1655 in
1633 1624 1659 1657 ss

1000 1673 1139 1738 conjungit.
1165 1676 1195 1721 lu
1207 1685 1276 1722 statu
1293 1673 1429 1737 purissimo
1439 1683 1525 1720 autem
1541 1674 1658 1722 nondum

1000 1740 1176 1804 incognitum
1187 1750 1234 1799 est,
1244 1754 1388 1803 quanquam
1401 1739 1469 1802 quod
1486 1736 1563 1801 magis
1576 1738 1659 1786 elabo-

999 1815 1087 1864 retur,
1119 1815 1246 1865 meretur,
1281 1803 1490 1868 medicorumqua
1517 1803 1659 1852 attentione

999 1870 1093 1934 pariter
1116 1872 1220 1934 dignum
1237 1881 1282 1918 est.

1031 1937 1137 1985 carot
1154 1936 1320 1985 montaum
1337 1936 1485 1986 straton
1498 1950 1521 1981 r.
1529 1933 1656 1982 Calcatar.

1031 2002 1175 2049 CARthhl
1192 2001 1346 2049 conniti.
1363 2017 1385 2048 r.
1399 1999 1506 2061 Spiritus
1521 1999 1602 2047 Carti.

1031 2066 1136 2114 GARBO
1153 2066 1311 2114 sNtttstss
1336 2081 1358 2111 r.
1377 2066 1464 2112 Cornu
1481 2064 1552 2111 Cerri
1570 2073 1656 2111 tastum

999 2129 1100 2196 nigrum
1118 2131 1150 2189 (Ι.
1162 2135 1218 2190 42.)
1231 2139 1257 2177 et
1265 2132 1329 2177 Caro
1339 2128 1447 2178 vitulina
1458 2139 1520 2178 tosta
1530 2129 1567 2192 (p.
1581 2127 1656 2191 tiu).

999 2215 1142 2280 CARBO
1179 2217 1375 2278 amortuis
1410 2235 1464 2278 seu
1506 2214 1657 2276 osswtt
1731 2261 1738 2272 .

1001 2298 1259 2360 DEPURATUS.
1280 2295 1455 2380 diersiuiqtc
1467 2293 1573 2375 thiera
1587 2298 1657 2359 oter

998 2378 1171 2457 Rttotltettlo
1194 2378 1230 2442 lt.
1258 2382 1398 2443 Chariton
1411 2382 1528 2443 animal
1537 2384 1657 2461 deponi.
1681 2437 1687 2445 .

1031 2458 1099 2510 Rcc.
1121 2458 1177 2510 Car
1198 2456 1257 2510 onis
1273 2454 1381 2509 Ossium
1396 2456 1436 2524 (1.
1450 2458 1506 2574 lap
1543 2464 1657 2507 uantum

999 2521 1048 2576 vis.
1074 2521 1176 2595 Digere
1191 2538 1254 2575 cum
1269 2520 1422 2575 sufficiente
1437 2520 1486 2575 Aci
1506 2520 1514 2573 i
1551 2519 1600 2573 alis
1618 2517 1657 2572 di·

998 2586 1050 2641 luti
1064 2586 1233 2658 quantitate,
1250 2584 1336 2639 donec
1351 2602 1446 2640 omncs
1458 2596 1553 2658 partes
1570 2585 1657 2639 calca·

999 2653 1057 2705 riae
1072 2652 1179 2706 solutae
1191 2650 1252 2706 sint.
1270 2651 1428 2706 Carbonem
1443 2661 1592 2706 restantem
1607 2668 1657 2722 op·

999 2718 1063 2771 time
1075 2714 1206 2770 edulcora
1215 2720 1297 2788 Aqua
1312 2734 1400 2789 pura,
1417 2718 1466 2789 qui
1477 2727 1543 2770 tunc
1557 2718 1656 2770 incru-

999 2782 1094 2836 cibulo
1114 2791 1188 2834 tecto
1212 2792 1240 2836 et
1261 2781 1321 2836 luto
1343 2781 1413 2835 bens
1435 2782 1554 2848 munito,
1577 2782 1655 2849 cujus

999 2847 1165 2919 operculum
1182 2847 1317 2901 foramine
1330 2863 1418 2917 perro
1435 2846 1600 2902 instructum
1612 2846 1656 2912 sit,

999 2913 1060 2987 igne
1075 2911 1219 2968 moderato
1233 2910 1406 2967 incandescat
1426 2923 1454 2967 ct
1475 2912 1656 2988 refrigeratus

999 2979 1026 3032 in
1039 2993 1102 3031 vase
1125 2976 1196 3031 benc
1217 2977 1312 3032 clauso
1332 2976 1493 3034 servandus.
1511 3011 1545 3021 -
1560 2978 1656 3031 Puluis

999 3053 1075 3109 ater,
1090 3040 1239 3114 insipidus,
1255 3043 1315 3116 igne
1336 3055 1435 3115 aperto
1454 3045 1528 3099 lente
1544 3042 1592 3098 sed
1630 3059 1656 3096 e·
1711 3045 1714 3052 '

1000 3107 1158 3172 nituafcrc,
1175 3107 1363 3176 comburitur,
1380 3120 1503 3164 ceterum
1512 3110 1552 3163 uti
1561 3110 1617 3164 Car

999 3173 1077 3245 bigni
1090 3174 1126 3243 (Ι.
1142 3171 1195 3242 ab.)
1206 3189 1266 3228 sese
1282 3175 1374 3228 habat.
1384 3177 1471 3230 -Est
1479 3175 1573 3230 Gerbo
1585 3178 1655 3229 Aao-

999 3249 1058 3292 tum
1074 3238 1224 3294 continens.
1237 3272 1269 3284 -
1287 3239 1347 3292 Vah.-
1363 3238 1519 3312 depurtns,
1537 3240 1655 3311 anticep-

993 3304 1062 3370 tica,
1070 3301 1466 3376 odoresingratos,nauseosos
1478 3316 1506 3359 et
1519 3305 1657 3376 putridos,

1000 3369 1040 3422 uti
1050 3379 1077 3421 et
1084 3369 1180 3439 plures
1189 3370 1297 3422 colores
1305 3370 1458 3425 absorbens
1466 3381 1493 3425 et
1501 3367 1656 3436 destruens,

1000 3452 1055 3486 non
1069 3433 1156 3487 minus
1177 3434 1261 3505 plura
1275 3435 1383 3488 metalla
1399 3436 1569 3507 exipsorum
1583 3435 1656 3488 solu·
1689 3437 1693 3442 '

999 3499 1072 3552 tione
1083 3499 1176 3570 praeci
1199 3498 1276 3551 itans.
1287 3537 1311 3546 -
1319 3501 1398 3552 Usar:
1413 3501 1443 3553 ln
1452 3500 1655 3573 pulvere‚elec·

999 3564 1106 3631 tutrio,
1123 3574 1185 3617 troc
1205 3563 1265 3617 iscis
1276 3574 1327 3619 ret,
1354 3565 1506 3639 Praecipue
1522 3566 1603 3620 etiem
1620 3562 1655 3618 ad

999 3626 1161 3700 depuranda
1174 3630 1258 3700 plura
1271 3629 1347 3696 salia,
1360 3629 1449 3695 acida,
1468 3631 1562 3686 alcalia
1577 3648 1656 3705 orga-

999 3694 1075 3762 nica,
1092 3694 1201 3766 aliaque
1214 3711 1263 3748 cor
1284 3711 1333 3748 ora
1356 3696 1453 3749 colore
1468 3698 1547 3753 suero
1568 3697 1655 3768 inqui·

999 3770 1076 3838 pata,
1091 3776 1166 3839 quae
1180 3777 1236 3814 non
1268 3759 1335 3814 acile
1352 3759 1509 3817 decolorari
1525 3772 1654 3836 possunt,

998 3836 1120 3881 inservit.

1000 3926 1201 4014 CARBO
1233 3927 1407 4014 IrlGNl
1441 3929 1653 4015 PURUS.

998 4035 1240 4150 &serietate
1255 4034 1489 4154 potttotte
1514 4042 1654 4128 otar-

1099 4159 1184 4240 bort
1204 4160 1366 4264 ee'pe'tul
1384 4156 1557 4263 deponi.

1030 4270 1049 4321 S
1066 4287 1139 4322 nort:
1162 4267 1257 4323 Carbo
1274 4280 1457 4340 praeparatus
1477 4268 1654 4345 vegetabilis,

998 4332 1055 4388 Car
1076 4350 1143 4387 oues
1159 4332 1236 4407 Ligni
1253 4333 1349 4389 exusti.

997 4407 1079 4475 Rec.
1092 4401 1265 4476 Carbonis
1278 4405 1381 4503 Ligni
1398 4428 1524 4502 grosso
1542 4404 1653 4480 modo

1145 4500 1321 4603 pulverati
1347 4506 1604 4601 quantumvis.

1047 4601 1187 4698 Optime
1221 4599 1347 4674 elixiva
1372 4607 1473 4699 Aqua
1485 4627 1588 4771 pura
1620 4619 1654 4676 et

997 4713 1080 4798 post
1098 4701 1365 4772 exsiccationem
1383 4702 1483 4772 incao
1511 4715 1604 4774 escat
1617 4703 1653 4771 in

998 4795 1178 4872 crucibulo
1186 4821 1249 4871 seu
1260 4797 1330 4872 alio
1341 4823 1426 4873 vase
1435 4798 1552 4873 lerrco
1560 4797 1652 4872 bene
