3550 5417
105 331 377 403 maneamus
397 304 555 403 annau
579 333 709 405 vrnrn.
733 371 778 384 -
796 335 933 409 nnnc
949 337 1103 408 sanun.
1118 338 1359 411 urrunnu.
1401 343 1476 419 aaa

107 503 191 557 nimie
204 502 258 557 cito
280 503 287 517 '
307 503 393 557 nilum
411 504 555 575 pulverem
575 505 771 559 rubro-euran-

109 568 213 621 tiacum
226 520 355 633 exhidet,
371 566 446 639 quod
461 567 570 639 quidem
588 588 639 638 pro
655 587 707 623 ucu
718 587 760 622 me

110 636 177 715 dico
190 634 293 689 nulline
306 644 347 688 ert
362 636 498 688 momenti.
516 636 682 715 Mercurius·
691 650 770 714 prqe·

110 698 770 885 &mmmm

148 847 249 884 crcurrr
267 831 294 884 in
314 831 383 882 varie
405 832 498 883 vitrere
517 831 665 900 capacibus
691 847 769 901 para·

111 896 215 957 batur,
253 913 286 948 ro
308 892 400 948 indole
423 895 542 947 chemica
565 906 649 968 atque
666 895 769 949 medica

112 960 180 1013 nihil
203 912 294 1014 uidere
308 960 342 1011 ab
358 976 407 1023 eo,
425 960 474 1031 qui
489 979 549 1013 cum
571 960 657 1014 Arida
671 962 769 1014 uitrico

115 1036 241 1144 placatur.
277 1028 350 1079 llaec
364 1041 432 1097 orgo
451 1024 565 1097 parandi
584 1029 624 1078 vta
645 1030 708 1095 jure
726 1043 769 1079 cx·

112 1103 207 1145 oerrt.

123 1214 143 1277 †
161 1221 352 1267 MERCUillUS
371 1218 620 1268 vulneraturus
637 1222 767 1280 VlltlDlS,

88 1288 241 1333 teceri·
265 1285 290 1331 vi
312 1284 403 1332 ridie.
426 1278 767 1356 ‘Mrunecssuectittemttriz

408 1350 477 1407 nitet.

112 1409 170 1461 Ph.
199 1408 317 1460 wint:
347 1416 401 1461 Rec
428 1414 545 1462 Mercurii
575 1415 623 1463 riri
654 1417 768 1478 depurrti

114 1482 178 1528 Unc.
200 1490 327 1541 quatuor,
354 1480 432 1542 Capri
452 1479 515 1525 Uoc.
542 1494 618 1526 uuum
636 1492 663 1528 et
685 1483 769 1541 cenric,

112 1543 240 1592 colimur
256 1542 352 1606 cingula
373 1546 399 1591 in
416 1559 434 1589 e.
455 1560 479 1604 q.
496 1543 569 1590 Acidi
589 1545 693 1604 uitrici,
713 1548 769 1594 mie·

111 1621 220 1657 ceantur
236 1609 319 1656 mlum
337 1619 362 1656 et
379 1607 551 1667 evaporatione
564 1609 593 1655 ud
613 1610 710 1658 ciccum
733 1628 766 1659 rc·

113 1675 240 1737 digeritur.
269 1669 464 1722 Mamertinae
479 1673 549 1721 Aceti
563 1674 682 1722 destillnti
696 1678 763 1723 ler.

114 1755 189 1787 unum
206 1738 321 1795 affunde,
347 1738 449 1801 digere,
476 1735 543 1784 coire
565 1749 590 1785 et
604 1745 709 1787 Acetum
727 1741 768 1788 ab·

111 1804 208 1859 atrahe,
229 1804 352 1852 reeiduarn
366 1818 467 1849 marcam
481 1802 586 1849 viridem
600 1804 626 1850 in
640 1806 765 1866 pulverem

113 1879 164 1916 tere
190 1880 214 1914 et
231 1879 303 1916 ceute
319 1882 384 1915 terre
434 1868 489 1913 Janr
514 1867 610 1928 pridem
631 1871 658 1917 in
676 1886 765 1934 gonor-

82 1932 85 1937 '
112 1932 187 1980 rhoea
207 1932 346 1991 laudatum,
370 1947 436 1979 nuuc
454 1930 593 1980 obsoletum

128 2055 144 2111 τ
169 2054 355 2103 ΜΕῆΟῦΙὶΙῑῖὃ
373 2054 626 2109 Pnaectrtrntus
644 2059 764 2116 Wumr,

110 2119 160 2167 rid.
179 2119 256 2175 Mete.
277 2119 385 2182 praecip.
399 2121 492 2165 iurout.

136 2226 148 2281 t
181 2223 366 2272 MERCURIUS
388 2223 618 2272 nsscrtrtcaws
635 2238 674 2270 =
691 2230 767 2276 Mero.

112 2290 183 2336 virus
198 2291 341 2352 depuratus.

160 2396 344 2443 MERCURIUS
360 2393 604 2453 sacellanum,
637 2397 657 2441 ll
664 2398 700 2459 yd
709 2414 739 2444 rr
748 2416 767 2445 r·

111 2477 230 2526 gyrum
248 2461 500 2516 cuccbcraturu,
521 2460 686 2522 Aethiope
707 2478 766 2510 eec-

113 2528 285 2583 citaretur,
310 2524 501 2571 Succheruru
526 2525 679 2572 Mercurii
707 2545 766 2574 rer·

114 2589 287 2652 mitugurn,
319 2587 430 2635 Pulric
456 2589 613 2635 Mercurii
639 2591 766 2638 reccha-

112 2656 212 2703 rinur.
253 2652 418 2718 Metrnomtet
441 2646 598 2728 [ineditum.
630 2654 764 2705 Mercure

399 2729 491 2767 attere.

149 2786 204 2831 lieo.
221 2782 342 2831 Mercurii
361 2783 409 2830 riri
427 2783 541 2846 deputati
567 2794 661 2845 purtem
681 2801 765 2845 unam,

112 2848 229 2896 Saccltrri
241 2847 292 2895 eibi
319 2860 399 2910 parter
416 2850 492 2908 duaa,
522 2849 612 2895 tritura
629 2850 660 2894 ad
675 2849 764 2912 perfec

114 2927 164 2961 tam
184 2912 301 2960 Mercurii
319 2914 509 2960 extinctionem.
544 2907 595 2958 Ph.
620 2907 766 2979 Herbip.

112 2978 247 3025 amborum
263 2993 307 3040 par
326 2978 430 3038 pondua.
465 2970 517 3022 Ph.
540 2972 563 3022 F
570 2985 678 3024 erran.
705 2981 766 3026 Mer·

112 3044 189 3101 curii,
202 3043 315 3090 decoliari
331 3044 355 3092 ι’.
376 3044 438 3090 Puc-
454 3043 542 3101 umis,
564 3044 677 3090 cremor.
697 3046 764 3092 Turt.

112 3110 194 3170 Scrup
221 3108 285 3155 duee
326 3106 466 3154 lnlrutilruc
482 3107 633 3172 propinatur
657 3108 684 3155 in
708 3109 767 3157 cho·

113 3172 203 3219 colata.

149 3303 182 3467 qt
207 3295 513 3374 MERCURIUS
548 3298 765 3374 SOLUBl-

112 3395 148 3471 L
170 3394 483 3468 Sllauuruaunr.
508 3394 766 3491 &circumluit

113 3490 269 3589 [tatiane
310 3493 526 3587 Dutcisltbet.
585 3493 766 3568 Mercure

192 3592 329 3665 acircble
350 3593 395 3665 dc
421 3584 679 3671 Huhnemume.

143 3721 270 3783 aaron:
302 3712 513 3786 Hydcargyrum
531 3714 709 3785 oxydulatum
726 3716 763 3768 ni·

22 3792 35 3813 ‘
110 3797 192 3853 grum
205 3780 313 3847 (Bon,
331 3779 574 3845 Sient-Heln,
591 3786 671 3847 cet),
690 3781 764 3834 Mer·

110 3846 205 3899 curius
231 3842 430 3962 qraecipitatur
459 3841 536 3922 niger
575 3851 762 3901 Hrnnrmnnr

110 3927 132 3965 c.
168 3909 228 3978 Oxy
251 3907 326 3962 ulum
365 3909 537 3979 Hydrarg'rr
570 3907 763 3962 ammoniacale

110 4040 216 4094 Nitrata
234 4046 411 4094 Ammoniaco
425 4040 460 4110 hy
481 4055 646 4112 raegyroeo,
671 4039 763 4092 Nitrac

111 4107 294 4160 ammoniacae
324 4122 387 4158 cum
415 4105 512 4176 Oxydo
550 4102 763 4175 hydrargyrum,

110 4168 341 4241 Subprotonitrae
359 4170 529 4253 Hydrargyri
552 4180 579 4223 et
597 4171 763 4236 Ammoniae,

111 4234 299 4303 Protoryrlum
313 4235 484 4309 Hydrargyrr
496 4236 593 4291 uitrico
601 4266 611 4277 -
619 4238 762 4290 ammonia·

110 4297 178 4363 cele,
195 4301 372 4372 Turpetlrum
390 4301 507 4375 nigrum.
524 4309 576 4371 (Ne
589 4306 762 4357 contundetur

109 4384 170 4417 cum
187 4373 317 4419 Mercuriic
334 4374 461 4435 cinereit).
484 4371 629 4437 &titillante
645 4367 762 4433 [tumidis

110 4432 250 4497 reomau,
267 4436 454 4500 catnemnnn’t
469 4434 628 4497 [turollum.
655 4437 761 4490 Proto-

188 4500 292 4552 m’trate
307 4504 494 4556 ammoniacae
508 4501 670 4555 mercuriae.

108 4602 193 4671 Rcc.
213 4600 379 4671 Mercurii
395 4602 515 4675 nitrosi
543 4599 760 4698 crystallisati

286 4695 432 4771 Unciam
459 4724 585 4793 unam,

111 3978 280 4043 (Ausim),
305 3973 433 4054 qudum
452 3925 683 4092 hqdrargyrosum
701 3991 762 4027 cum
840 4018 842 4023 .

870 514 906 583 in
926 512 1112 611 pulverem
1137 530 1281 588 contere
1300 531 1335 589 et
1353 516 1450 591 addc

870 616 993 707 Aquae
1012 610 1209 685 destillante
1235 615 1361 688 Uncias
1382 631 1476 705 octo,

870 706 970 779 Acidi
987 710 1108 798 uitrici,
1127 714 1285 808 guttatim
1299 711 1474 809 adjicien-

871 804 923 894 di,
948 805 1137 894 tantillum,
1164 824 1328 905 quantum
1349 812 1475 906 requi-

868 918 962 990 retur,
981 920 1015 974 ut
1028 904 1084 975 Sal
1098 906 1186 977 inter
1197 921 1372 978 strenuum
1391 907 1476 1003 agi-

871 1002 1035 1072 tationem
1060 1001 1280 1076 dissolvatur.
1314 1001 1475 1075 Solutio-

756 1135 760 1141 ·
869 1121 961 1184 nem,
987 1098 1184 1172 filtrandam
1205 1102 1234 1170 ai
1254 1124 1345 1202 opus
1363 1100 1474 1190 luerit,

869 1196 903 1264 in
923 1194 1084 1292 lagenam
1108 1200 1190 1269 satis
1208 1222 1377 1294 capacem
1399 1198 1475 1268 im-

870 1295 976 1379 mitte,
1002 1310 1035 1365 et
1052 1320 1131 1367 cum
1144 1302 1268 1392 Aquae
1281 1293 1473 1367 destillatac

870 1393 984 1462 Unciis
1017 1390 1154 1464 duabus
1172 1394 1378 1465 mortarium
1401 1391 1474 1463 ab·

869 1485 946 1572 lue,
973 1511 1107 1586 easque
1127 1486 1291 1560 solutioni
1316 1486 1418 1561 udde.

917 1586 1086 1657 Seorsum
1109 1588 1215 1657 misce

868 1682 1018 1779 Spiritus
1035 1681 1123 1755 Salis
1144 1683 1363 1755 Ammoniaci
1382 1705 1472 1755 cau-

867 1780 942 1850 stici
963 1778 1083 1878 (pond.
1101 1804 1198 1880 spec.
1215 1784 1312 1881 0,96)

961 1880 1104 1951 Unciam
1124 1876 1326 1966 dimidiam,

867 1997 947 2047 cum
976 1982 1101 2073 Aquae
1128 1974 1323 2046 destillatac
1356 1974 1472 2046 Unciis

868 2089 1035 2171 quatuor,
1062 2089 1094 2144 et
1120 2070 1216 2144 hunc
1235 2070 1410 2168 liquorem
1435 2073 1471 2142 in

867 2169 1079 2242 solutionem
1110 2167 1354 2241 mercurialem
1383 2172 1472 2240 inter

869 2267 1112 2339 vehementem
1151 2267 1375 2363 agitationem
1411 2268 1472 2336 in-

867 2363 983 2436 funde.
1018 2369 1199 2460 Lagenam
1214 2360 1357 2451 claude,
1378 2363 1471 2433 mis-

867 2460 980 2533 celam
1004 2460 1141 2534 fortiter
1161 2475 1324 2548 concute,
1350 2473 1384 2530 ct
1406 2482 1471 2530 se-

869 2585 964 2659 pone
1001 2576 1037 2631 ut
1065 2556 1298 2631 sedimentum
1323 2552 1470 2627 fundum

867 2672 970 2753 petat.
1037 2657 1229 2752 Liquorem
1259 2656 1471 2725 innatantem

867 2751 1031 2839 effunde,
1081 2769 1115 2824 et
1158 2759 1296 2848 Aquam
1344 2748 1469 2822 destil-

865 2849 972 2921 latam
1007 2847 1196 2921 reaffuude.
1262 2852 1346 2920 Post
1377 2847 1469 2920 sub-

865 2946 1049 3019 sidentium
1086 2949 1211 3016 iterum
1248 2951 1387 3040 Aquam
1419 2942 1469 3014 ef·

867 3042 995 3131 funde,
1032 3044 1296 3144 praecipitatum
1330 3041 1469 3135 nigrum

865 3145 899 3212 in
928 3142 1023 3212 filtro
1049 3139 1199 3237 collige,
1223 3152 1412 3235 eguttatnm
1433 3142 1468 3207 iu

866 3238 985 3310 charta
1013 3235 1139 3308 bibula
1177 3238 1310 3308 exsicca
1347 3230 1467 3305 calore

866 3361 936 3409 non
947 3333 1108 3407 adhibito
1127 3350 1233 3430 atque
1245 3335 1280 3403 iu
1293 3330 1375 3404 loco
1391 3329 1468 3400 ob.

864 3457 978 3505 scuro.
1022 3434 1130 3507 Part.
1150 3441 1288 3505 comt„-
1312 3434 1466 3500 Animo-

863 3533 911 3601 nii
927 3532 1040 3602 uitrici
1056 3559 1174 3619 unum,
1195 3525 1345 3625 Oxyduli
1364 3528 1467 3596 Mer-

863 3630 952 3699 curii
976 3626 1049 3699 duo
1085 3626 1193 3727 pond.
1223 3631 1315 3698 mixt.
1368 3624 1467 3699 Visa

862 3725 1138 3823 antisyphilitica.

861 3858 909 3921 sit
938 3859 1038 3939 puleio
1073 3860 1186 3920 coloris
1217 3859 1320 3939 nigri,
1354 3859 1466 3944 ebrque

813 3939 948 4020 globulie
973 3940 1116 4002 Mercurii
1132 3939 1193 4000 riri
1207 3941 1367 4016 immixtia,
1388 3942 1468 4023 igni·

813 4030 863 4079 tus
890 4039 926 4080 ex
955 4031 1022 4082 toto
1053 4021 1200 4094 volatilis,
1231 4022 1320 4084 acido
1344 4024 1465 4084 ucetico

814 4100 936 4163 fervido
955 4100 1019 4162 lere
1036 4105 1240 4178 totue,relicto
1259 4104 1387 4183 pulvere
1402 4103 1465 4184 gri·

812 4199 882 4256 ceo,
903 4182 1049 4246 rolratur.

858 4268 951 4327 Uene:
988 4263 1019 4322 in
1039 4265 1091 4325 luc
1116 4283 1245 4329 venerea
1268 4264 1463 4349 ptyalicarum

813 4363 872 4404 non
881 4344 959 4404 adeo
973 4346 1370 4432 cierepreedieatur,qnem
1384 4345 1461 4407 aliae

813 4424 959 4485 Mercurii
984 4429 1246 4508 praeparationea¹

829 4503 964 4586 'eodinus
992 4548 1008 4586 a
1031 4543 1126 4587 norm
1151 4534 1271 4587 formula
1294 4549 1330 4587 cx
1354 4533 1465 4585 Pharm.

811 4597 960 4651 Borueaiea
974 4596 1113 4676 deqnmta,
1130 4613 1164 4649 co
1178 4596 1347 4680 potissimum
1365 4595 1465 4673 diacre·

810 4670 892 4740 pent,
915 4661 990 4734 quod
1013 4671 1131 4742 mcerteq
1153 4658 1355 4717 miscendorum
1370 4676 1464 4731 copus

809 4725 949 4784 adhibent.
993 4729 1051 4784 Hoc
1071 4744 1099 4785 ur
1121 4735 1171 4785 rate
1203 4725 1323 4787 termula
1349 4725 1464 4785 &cocu
