3550 5417
363 370 539 439 Nl'l'RUM
565 371 710 440 FlXUM
735 409 783 422 -
810 372 989 442 NlTRUM
1014 376 1264 445 FLAMMANS

192 541 364 641 quamdiu
391 540 482 614 baec
499 542 691 629 turbatur,
720 560 794 615 tum

196 643 318 739 liquor
332 639 477 713 filtretur
495 658 527 713 et
540 659 740 744 seponatur,
757 661 794 715 ut

191 739 344 837 crystalli
367 757 606 814 concrescant.
659 743 794 828 Liquor

193 837 349 909 residuus
375 835 420 909 ad
441 837 626 910 dimidium
651 864 793 940 evapo-

191 940 324 1008 ratione
349 933 512 1009 reductus
542 935 659 1009 denuo
683 961 791 1034 sepo-

191 1049 299 1122 natur,
316 1060 406 1131 quae
422 1038 580 1132 operatio
596 1034 789 1133 repetenda

150 1219 153 1223 A
189 1148 251 1221 est,
266 1131 431 1229 quamdiu
451 1132 600 1229 crystalli
617 1136 699 1204 satis
716 1159 790 1234 pu-

191 1257 249 1302 rae
267 1233 491 1302 inveninntur.
535 1229 637 1320 Quae
654 1232 720 1303 snb
742 1231 791 1302 li-

191 1356 269 1401 nem
286 1328 580 1424 crystallisationis
601 1330 789 1426 prodeunt,

187 1427 285 1499 alteri
307 1424 523 1524 depurationi
550 1430 674 1500 iterum
702 1428 789 1499 sub·

183 1528 356 1623 jieiantur.
420 1525 615 1620 Crystallos
642 1528 788 1598 siccatas

187 1622 314 1697 conde.
366 1623 475 1698 Puri.
502 1634 615 1698 const.
648 1624 728 1695 Kali
756 1640 788 1696 et

187 1719 287 1794 Acidi
327 1724 438 1792 uitrici
479 1722 638 1818 aequalia
680 1722 787 1795 Pond.

186 1821 280 1888 Mirr.
298 1862 348 1873 —
379 1818 465 1893 Via:
482 1822 702 1914 refrigerans,
719 1847 788 1893 an-

188 1914 442 2017 tiphlogistica,
467 1917 643 1991 diuretica.

177 2037 244 2097 Sint
257 2041 390 2117 crystalli
406 2041 581 2116 decolores,
597 2044 786 2120 prismatieo·

136 2122 325 2197 hexagonae,
356 2122 469 2196 siccae,
497 2143 689 2205 compressae
709 2136 786 2186 stre·

137 2213 262 2281 pentes,
283 2205 311 2260 in
332 2216 449 2285 septem
463 2209 602 2284 partibus
622 2227 716 2289 aquae
734 2207 786 2267 iri-

135 2285 240 2363 gidae,
281 2285 401 2344 minore
418 2308 506 2370 qnam
531 2287 596 2368 pari
619 2291 786 2371 quantitate

134 2364 286 2426 bullientis
304 2367 468 2441 solubiles,
490 2376 560 2430 aere
578 2372 787 2449 persistentes,

136 2449 254 2525 saporis
270 2447 340 2507 salsi
355 2454 447 2511 amari
462 2452 681 2532 reliigerantis,
692 2455 785 2533 pnud.

135 2547 217 2606 spec.
240 2529 314 2611 nqi-
362 2534 484 2592 Nitrum
508 2536 618 2592 caloris
640 2554 699 2615 ope
725 2536 784 2618 pri·

134 2630 216 2669 mum
244 2609 383 2671 lunditur
410 2614 522 2695 absque
550 2637 644 2697 aqua,
681 2619 784 2675 calore

87 2741 91 2752 ,
133 2691 270 2752 auctiore
287 2693 532 2777 decompositur.
575 2700 623 2757 b‘it
640 2720 655 2757 a
673 2699 785 2759 satitrns

133 2774 283 2849 terrenis,
302 2798 381 2860 qnae
403 2778 527 2854 adjecto
543 2781 680 2862 lsiqunre
705 2782 784 2841 Salis

134 2856 254 2915 Tartari
277 2859 457 2918 turbiditatc
476 2860 559 2930 alba,
585 2864 630 2920 rcl
657 2863 783 2923 metalli·

133 2938 193 3010 cis,
221 2959 299 3018 quae
322 2943 483 3001 Ammonio
504 2943 783 3024 hydrosulpbnratn

133 3020 366 3101 dignoscuntur,
379 3023 466 3101 plane
480 3024 618 3085 liberum.
656 3028 783 3086 ACltlo·

132 3120 167 3159 rn
190 3101 234 3160 rel
257 3103 327 3162 Sale
352 3107 506 3164 communi
528 3109 566 3167 sit
592 3127 688 3184 paene
710 3109 783 3169 libe·

132 3203 210 3254 rem,
232 3194 265 3242 et
283 3203 351 3244 enm
368 3189 521 3247 solutione
538 3191 665 3270 Argenti
682 3192 781 3250 nitriei

130 3263 343 3326 turbiditatem
369 3269 480 3328 nullam
502 3271 551 3330 rel
571 3270 608 3329 ad
629 3293 779 3333 summum

132 3343 233 3406 levem
253 3348 486 3428 opalescentiam
505 3351 656 3413 exhibeat.

168 3444 276 3497 Nitrum
302 3445 465 3515 depuratum
488 3450 514 3501 in
531 3452 695 3506 commercio
717 3452 781 3506 satis

131 3526 230 3585 parurn
241 3514 367 3574 obvenit,
390 3524 417 3566 et
432 3516 537 3586 absque
556 3516 689 3571 ulteriore
705 3518 780 3572 labn-

130 3590 161 3629 re
175 3592 200 3625 tn
211 3591 288 3627 usum
299 3578 431 3631 merlinum
440 3591 529 3651 potest
538 3580 658 3636 adscisci.
687 3583 780 3662 Quod-

127 3639 276 3717 aiterum,
293 3642 367 3712 quod
386 3643 549 3716 depuratum
567 3646 681 3714 dicitur,
699 3648 779 3702 nimia

130 3705 227 3760 Chlori
254 3707 299 3784 rel·
322 3709 392 3763 Salis
418 3712 569 3765 eommunia
589 3716 668 3785 copia
689 3714 778 3767 adbuc

129 3771 232 3842 pollet,
249 3772 328 3824 laede
341 3793 389 3843 per
403 3776 471 3830 lraue
489 3777 646 3831 methodum
661 3778 778 3851 depura-

130 3848 186 3890 tur.
229 3837 337 3891 Nitrum
361 3840 386 3892 ln
403 3844 545 3912 pulverem
562 3845 776 3915 grossiuseutum

129 3913 339 3981 conquassatum
359 3923 421 3960 eum
445 3913 467 3963 a
493 3925 542 3961 uae
555 3910 687 4026 pluvialia
703 3913 777 3963 sulii·

129 3975 217 4022 ciente
229 3987 306 4041 eopia
322 3971 346 4023 in
363 3926 551 4043 pultemlrnmi
573 3991 616 4027 am
628 3975 777 4048 redigatur,

130 4035 192 4087 baec
210 4036 236 4088 in
255 4053 301 4089 raa
316 4038 473 4109 tigulinum,
495 4044 522 4093 in
540 4039 643 4110 quihus
660 4042 776 4095 tiaecba·

128 4115 188 4151 rum
208 4118 388 4155 concrescere
409 4107 479 4160 solet
505 4113 560 4173 (ret
581 4113 775 4162 infundibulum

129 4181 172 4217 aut
189 4188 227 4220 vas
244 4175 350 4247 quodvis
368 4184 468 4240 aptum)
501 4172 660 4227 immittatur
687 4186 714 4227 et
736 4174 777 4226 so·

128 4244 221 4282 ramea
251 4233 365 4286 interius
399 4253 453 4307 ope
490 4237 622 4307 epistomii
654 4239 775 4293 suberini

128 4294 273 4374 obturetur
313 4318 344 4352 er
357 4301 447 4370 viginti
461 4314 583 4374 quatuor
597 4305 693 4373 ltoras3
717 4318 774 4361 tum

129 4369 268 4438 epistotam
306 4378 378 4419 emto
403 4367 496 4439 liquor
514 4379 588 4422 totus
607 4386 622 4422 a
639 4373 774 4441 crystallis

128 4429 296 4483 comminutis
324 4433 428 4486 effluat.
462 4435 591 4505 superne
618 4437 698 4491 Nitrn
729 4439 773 4490 im·

128 4504 200 4566 pona
230 4493 357 4550 Chartam
383 4498 505 4552 bibulam
532 4501 678 4556 rotundam
704 4521 773 4556 mar·

126 4553 233 4633 gruibus
249 4557 276 4612 in
297 4563 381 4615 altum
402 4566 484 4620 rectis
492 4585 501 4634 ;
523 4567 593 4620 hane
614 4568 772 4641 ubieunque

125 4622 277 4698 aequaliter
297 4625 434 4697 adprime,
460 4642 488 4686 et
507 4635 604 4705 Aquae
620 4633 771 4690 destillatae

1429 377 1501 451 587

847 545 890 595 rel
908 547 963 598 sia
987 546 1140 619 quisquiliis
1159 562 1213 600 uon
1232 547 1266 600 sit
1282 546 1418 615 liberum,
1442 565 1494 621 per

845 613 1097 678 crystallisationerrr
1114 612 1277 682 tlepuretur.
1311 614 1436 685 Denique
1450 616 1495 668 lii·

844 686 918 729 trum
934 681 1043 739 venale,
1057 678 1131 749 quod
1143 689 1256 748 praeter
1267 678 1425 734 Chlornreti
1434 696 1493 750 par-

845 758 904 793 ram
926 743 1113 796 immixtionem
1131 762 1228 812 purum
1240 753 1291 805 est,
1307 743 1341 797 ab
1356 745 1408 797 boc
1418 745 1492 798 iacil-

843 808 905 860 lime
923 826 977 864 one
994 807 1067 862 acidi
1081 809 1169 861 nitriei
1189 809 1333 863 liberatur.
1365 812 1429 864 Rec.
1446 811 1492 864 Ni·

842 874 879 925 tri
897 871 1025 945 depurati
1045 874 1162 937 venalia,
1185 875 1268 946 quale
1287 875 1314 927 in
1335 886 1493 931 mercatura

841 951 963 1009 prostat.
985 940 1158 1010 crystallisati
1176 956 1231 993 non
1254 942 1383 994 immundi
1406 960 1434 1013 q.
1453 961 1494 1007 r.,

841 1008 980 1058 contunde
1000 1007 1026 1058 in
1045 1006 1177 1058 mortario
1199 1007 1303 1058 aheneo
1321 1008 1364 1059 rel
1383 1007 1492 1079 lapideo

841 1069 866 1122 in
890 1073 1032 1141 pulverem
1054 1071 1274 1132 subtilissimum,
1294 1073 1364 1125 bunc
1382 1090 1432 1141 per
1442 1073 1492 1125 eri-

842 1141 923 1189 brum
937 1138 1042 1207 trajice.
1067 1138 1156 1204 liujus
1169 1138 1291 1208 pulveris
1304 1149 1438 1208 quantum
1453 1139 1492 1193 ria

839 1199 951 1256 immitte
965 1205 990 1255 in
1006 1203 1124 1274 patinam
1142 1201 1342 1273 porcellaneam
1365 1206 1423 1272 (rel
1438 1204 1493 1257 ier·

840 1282 916 1320 ream
934 1281 1063 1322 encausto
1079 1268 1248 1336 obductam)
1273 1269 1337 1322 satia
1353 1285 1492 1341 rapacem,

839 1343 866 1387 et
884 1333 1019 1406 adsperge
1036 1334 1112 1387 Aridi
1123 1334 1213 1387 nitriri
1228 1334 1291 1404 puri
1316 1345 1343 1389 et
1356 1335 1492 1389 decoloris

839 1410 946 1469 partem
958 1401 1119 1454 sedecimam
1128 1400 1208 1464 Nitri,
1219 1400 1321 1469 optime
1332 1401 1426 1472 pistilli
1438 1418 1455 1454 n
1477 1419 1491 1455 a

839 1466 985 1536 puluerem
1011 1467 1144 1535 distergc,
1171 1465 1289 1548 denique
1314 1469 1374 1539 igne
1398 1486 1424 1519 m
1464 1481 1490 1522 e·

838 1530 1141 1587 Ι1111111111·1111111111
1162 1549 1176 1584 a
1198 1532 1334 1585 itatrnnem
1359 1539 1491 1614 (vapores

837 1596 950 1650 nitriens
967 1599 1083 1665 evitans)
1101 1598 1128 1651 ia
1144 1548 1265 1670 pulveris
1279 1597 1416 1653 siccissimr
1429 1616 1491 1672 spe·

837 1664 907 1715 ciem
935 1666 1037 1735 redige.
1080 1663 1139 1717 Sub
1158 1665 1239 1715 tinem
1261 1679 1379 1733 vapores
1399 1666 1490 1719 uitrici

837 1726 927 1781 evolvi
951 1728 1099 1784 cessavisse
1122 1746 1194 1796 opus
1217 1740 1266 1786 est.
1307 1729 1401 1784 Pulvis
1418 1747 1490 1803 aqua

836 1796 943 1848 solutus
968 1797 1089 1850 chartam
1110 1794 1319 1866 exploratoriam
1333 1798 1490 1851 caeruleam

836 1878 893 1915 non
907 1862 1000 1934 tingat.

869 1974 996 2023 NlTllUlll
1015 1976 1138 2034 FllUlll,
1163 1974 1285 2023 Flnaua
1305 1947 1413 2033 albus,
1435 1976 1489 2024 Ni·

837 2050 922 2087 trum
948 2042 1195 2103 per'l'artarurn
1214 2041 1330 2099 lixum,
1356 2042 1487 2089 Nitrum

836 2106 1046 2154 carbonibus
1082 2107 1218 2155 lixum·
1258 2104 1483 2154 alealiaatuna.

1036 2167 1137 2230 dixitur
1154 2167 1293 2231 1111111111.

869 2252 898 2312 a)
914 2252 1080 2302 carbonibus
1099 2253 1205 2317 fioettmt
1233 2256 1291 2302 liee.
1320 2252 1391 2302 Nitri
1413 2255 1487 2318 depu-

835 2317 883 2364 rati
903 2335 927 2380 q.
945 2336 981 2379 r.,
998 2319 1024 2367 in
1042 2320 1176 2368 crucibulo
1190 2321 1306 2368 flaniaco
1319 2319 1440 2367 laudatur
1459 2331 1487 2367 at

835 2385 949 2432 rubescat
963 2401 1052 2447 paene,
1069 2398 1094 2434 et
1105 2386 1224 2434 carbones
1240 2385 1326 2448 injecti
1338 2385 1421 2448 ignem
1432 2399 1487 2432 rer·

836 2448 944 2513 ripiant3
977 2461 1028 2497 tum
1054 2452 1143 2499 sensim
1175 2451 1295 2498 carbones
1322 2449 1486 2515 grossiumula

834 2516 1004 2565 comminutos
1018 2519 1043 2563 in
1058 2516 1219 2565 crucibulnm
1235 2516 1347 2579 conjice,
1365 2516 1486 2578 quamdiu

834 2580 979 2646 dellagratin
997 2582 1038 2640 tit,
1066 2584 1191 2630 residuum
1211 2598 1254 2645 per
1268 2584 1343 2630 herae
1364 2583 1485 2643 quadran·

836 2654 885 2692 tem
919 2647 1046 2709 igniatnr,
1077 2649 1248 2711 refrigeratum
1277 2663 1342 2711 aqna
1367 2647 1485 2703 solvatur,

835 2709 941 2759 tiltrernr
973 2725 997 2760 et
1021 2715 1050 2761 ad
1073 2713 1210 2760 siceitatem
1241 2713 1334 2772 iterum
1361 2721 1485 2776 evaporet.

834 2769 864 2833 b)
876 2790 931 2839 per
946 2778 1099 2828 Turturum
1116 2778 1221 2842 [inerme
1246 2781 1301 2826 ttre.
1329 2778 1396 2827 Nitri
1410 2781 1486 2841 depa-

835 2845 896 2897 rati,
917 2846 1042 2893 Cremoris
1055 2847 1150 2894 Tartari
1170 2845 1193 2897 ,ἶ
1209 2845 1373 2909 parpondaa,
1394 2843 1485 2892 intime

834 2908 923 2964 misce,
945 2913 970 2957 in
984 2911 1132 2959 mortarium
1146 2911 1254 2958 ferreum
1272 2910 1370 2973 ingere,
1390 2920 1415 2956 et
1431 2924 1484 2956 car·

834 2974 900 3021 bone
917 2988 1003 3025 urente
1021 2978 1123 3024 admoto
1141 2977 1261 3033 accende,
1286 2976 1413 3022 residuum
1436 2974 1485 3020 dla-

832 3037 899 3149 qqire
916 3042 942 3089 in
960 3057 1042 3105 aqua,
1061 3040 1126 3089 liitra
1144 3055 1169 3089 ea
1182 3041 1273 3089 lteram
1286 3043 1316 3088 ad
1330 3040 1425 3087 siecum
1448 3054 1483 3087 ra·

851 3119 898 3168 ige.

864 3172 963 3219 Nirrnm
982 3173 1059 3220 lirum
1083 3174 1212 3234 quondam
1229 3170 1286 3218 loeo
1308 3170 1370 3219 Salia
1383 3171 1480 3217 'l’artari

831 3235 975 3284 adhibitum
999 3250 1049 3295 rat;
1074 3239 1140 3300 qnod
1168 3236 1319 3284 carbonibus
1345 3235 1482 3299 configitur

831 3302 977 3364 quisquilias
1002 3305 1116 3351 cinerum
1137 3303 1266 3350 continere
1283 3312 1363 3366 pateat
1384 3301 1482 3350 scilieet

830 3367 889 3414 llali
908 3370 1081 3428 muriaticam,
1100 3367 1294 3432 sulphuricnrn,
1316 3364 1439 3429 Siliciam,
1454 3378 1480 3415 et

830 3445 931 3497 propter
949 3433 1070 3497 jacturam
1092 3451 1141 3481 non
1164 3436 1302 3481 evitandam
1325 3444 1481 3481 sumtaaaum

829 3512 878 3560 eat,
897 3503 963 3562 qnod
977 3517 1032 3549 sero
1046 3515 1104 3547 enm
1116 3503 1219 3547 Tartaro
1231 3501 1260 3547 ad
1273 3500 1414 3547 albedinem
1431 3498 1482 3546 nri·

829 3575 872 3612 tur
892 3566 1012 3614 facillime
1029 3566 1122 3614 Nitrite
1146 3563 1227 3612 italico
1252 3564 1412 3628 inquinatum
1433 3576 1479 3613 est.

830 3631 877 3678 Pro
886 3631 958 3679 Nitro
971 3633 1019 3680 fite
1032 3633 1132 3694 impuro
1145 3631 1234 3677 melius
1246 3630 1479 3693 quadrantcinerea

828 3695 952 3744 clarellati
978 3698 1107 3761 deputati,
1129 3713 1173 3760 pro
1192 3697 1265 3744 ttius
1284 3697 1333 3744 lixo
1353 3712 1417 3759 puro
1435 3694 1478 3744 Sal

827 3762 938 3822 Tartari,
955 3780 1015 3826 quaa
1030 3779 1098 3811 voees
1114 3759 1224 3810 consule.

868 3886 1023 3948 Nl'I'RUll
1054 3884 1294 3957 FLAMMANS,
1330 3886 1478 3943 Ammo·

827 3967 925 4026 nium
948 3968 1156 4040 uitricum,
1180 3968 1311 4027 Nitras
1333 3968 1475 4027 Ammo-

827 4052 933 4123 nise,
957 4050 1020 4108 Sal
1046 4048 1331 4108 Ammoniacum
1353 4047 1475 4107 nitro·

826 4151 919 4203 sum,
943 4132 1066 4190 Aleali
1088 4130 1253 4190 volatile
1282 4131 1474 4206 nitratntn,

826 4214 974 4273 Nitrum
1008 4211 1297 4273 inflammabile
1334 4231 1358 4270 s.
1399 4232 1474 4271 am·

826 4295 1050 4355 moniaeaie.
1072 4297 1285 4371 iitemmtntet,
1307 4296 1472 4356 triarioru

824 4379 975 4455 eriperet,
996 4376 1208 4450 talneteriaurvt
1221 4376 1396 4439 1111111111.
1417 4378 1472 4436 Ni·

823 4473 901 4522 truta
931 4465 1197 4540 d’Ammonr'nque,
1232 4462 1319 4521 Nitre
1349 4459 1470 4540 influm-

1093 4547 1198 4603 mobis.

854 4635 911 4688 lien
937 4633 1052 4689 Aridum
1069 4633 1195 4686 uitricum
1232 4648 1313 4682 urum
1332 4645 1404 4709 aqua
1422 4642 1471 4698 pa-

163 4689 688 4763 rtiunculasminutaaebartaainlunda,
721 4717 771 4753 uae
820 4700 1010 4754 rumdilutum
1026 4710 1191 4754 saturarum
1223 4696 1265 4747 ale
1280 4693 1381 4749 volatili
1396 4698 1470 4757 (Am-

143 4751 388 4836 siriatinnemliitrl
397 4763 543 4818 conficiunt
555 4781 603 4836 per
612 4718 770 4819 methodum
819 4768 911 4819 monio
922 4767 1085 4831 carbonieo)
1100 4761 1143 4813 rel
1152 4760 1342 4836 Spiritutsalis
1356 4765 1465 4839 Ammo-

121 4816 315 4891 depulaanam.
337 4824 443 4881 iturum
460 4841 523 4900 post
536 4831 588 4884 troc
609 4831 770 4901 exaieratun
818 4831 886 4885 niuei
897 4826 1472 4904 usqneadrenationemlerrtsralcaltnarn‚
