3550 5417
286 336 361 409 274

288 515 518 562 eructuantem
545 513 786 574 dinumeratam,
811 516 940 564 11111Μο-

197 623 199 628 .
288 581 520 628 cartiau‘rtcutt
548 578 696 627 Wrataorrt
722 595 766 627 eeu
794 581 943 658 Sarcapo-

289 645 388 693 riliee
411 662 474 692 com
505 643 624 692 oeitum
649 645 774 709 (partim)
796 662 844 694 rec.
863 643 941 713 Disp.

311 704 469 768 Remuria,
509 704 534 756 h.
553 702 664 770 Dante,
681 702 846 759 samanar.
864 726 912 762 eet.

322 777 377 824 Rae.
397 775 465 823 Puir.
479 776 539 824 uad.
550 776 671 837 Sarrapar.
689 787 741 840 opt.
757 780 820 827 Uoc.
830 790 893 839 trae,
910 781 939 827 t..

288 840 391 902 Guajaci
404 842 466 889 Uoc.
479 856 571 900 unam,
587 839 642 890 Fol.
656 843 730 889 Seno.
743 842 776 890 el.
787 845 848 891 Uoc.
863 861 941 893 unam

287 907 358 952 remis
374 909 383 963 (
389 908 453 954 Une.
465 923 539 954 unam
553 906 658 965 Samia.)
670 909 732 955 uad.
746 909 867 957 Rhabarb.
886 923 939 974 opt.

287 971 407 1021 Draehm.
424 973 499 1032 duaa,
519 973 588 1020 Cart.
607 973 638 1018 1..
655 972 770 1032 satore..
788 975 852 1023 Sem.
867 975 938 1025 Auiti

287 1036 445 1089 {intectam
463 1053 557 1094 uuam,
580 1037 649 1084 mett.
672 1040 737 1102 deep.
758 1039 828 1087 Libr.
854 1057 939 1090 uuam·

286 1104 321 1150 Μ.
345 1103 448 1166 optimo.
469 1130 501 1139 —
520 1095 575 1148 Ph.
598 1097 747 1150 Hannov.
769 1106 939 1171 duodeviginti

286 1168 444 1216 melitanae.
459 1168 618 1230 praescribit,
636 1181 745 1217 catarum
759 1186 817 1217 cum
832 1171 878 1219 hae
892 1172 941 1220 sor·

289 1232 356 1281 mula
373 1234 497 1298 congruit.
511 1259 543 1271 -
560 1227 613 1281 Ph.
631 1228 938 1284 mastico-Helea-

287 1293 354 1345 ticu
369 1316 398 1346 eo
406 1299 565 1347 solummodo
574 1300 705 1365 discrepat,
719 1302 784 1363 quod
792 1304 856 1350 Uoc.
866 1304 939 1353 remia

289 1365 462 1413 tautummodo
475 1364 528 1412 rot.
542 1365 636 1412 Sanora
651 1366 811 1428 praeteribit,
828 1379 937 1418 ceterum

289 1441 318 1477 ut
332 1446 415 1492 cupra.
437 1458 469 1470 -
487 1426 602 1477 Putem
620 1432 680 1479 Red.
698 1431 803 1495 Lapathi
818 1449 856 1482 ae.
874 1439 938 1484 Uoc.

288 1512 342 1555 aex,
360 1497 390 1545 L.
405 1495 508 1559 Guejaci
527 1499 590 1544 Uoc.
611 1496 685 1558 duaa,
706 1500 776 1546 Cort.
793 1502 819 1546 Ι..
839 1502 939 1548 Sternit.

290 1564 353 1610 Uoc.
365 1573 486 1624 quatuor,
503 1562 557 1610 Ful.
573 1562 646 1610 Seno.
663 1566 726 1612 Uoc.
741 1579 816 1612 uuam
828 1566 902 1613 aemio
913 1578 938 1614 et

288 1629 317 1675 lt.
334 1627 457 1678 utebare.
471 1626 503 1675 el.
517 1631 579 1676 Une.
593 1644 665 1676 unam
677 1629 775 1677 mireari
784 1630 843 1678 etia
854 1630 939 1694 pulve-

287 1709 340 1740 rem
358 1693 451 1758 redigi,
464 1704 503 1753 et,
516 1693 537 1741 ai
550 1693 742 1743 Electurriuma
757 1697 855 1744 medico
869 1714 937 1760 prae

285 1759 420 1821 acribatur,
434 1759 507 1822 hujus
516 1758 625 1823 pulverio
633 1762 699 1809 Part.
713 1776 787 1808 uuam
798 1778 857 1810 cum
865 1763 936 1812 utut.

287 1827 351 1888 deep.
367 1826 434 1873 Part.
474 1838 562 1873 uatuor
581 1842 609 1873 ex
626 1838 736 1890 tempore
753 1827 852 1876 mireari
870 1846 936 1894 prae·

287 1890 382 1938 scribit.
391 1842 484 1937 -Ρ1,
498 1883 537 1937 0¹
545 1880 644 1938 deul).
655 1892 682 1938 1..
689 1890 794 1953 Guajaci
803 1894 937 1946 usitare.

287 1958 389 2008 {Una
405 1957 478 2014 duas,
495 1953 550 2003 1²01.
564 1957 638 2005 Seru.
654 1967 679 2004 et
694 1957 754 2003 lind.
771 1957 895 2006 [thabat-b.
910 1962 936 2015 {2

288 2023 351 2067 Uoc.
361 2021 434 2068 remia
442 2020 540 2068 mireari
550 2030 574 2067 et
582 2019 655 2082 hujue
664 2020 771 2083 pulverio
784 2023 850 2070 Part.
860 2040 935 2073 uuam

288 2100 345 2132 cum
360 2083 431 2133 mett.
448 2086 514 2149 deep.
530 2086 597 2134 Part.
612 2096 715 2147 quatuor
729 2086 825 2135 mireari
842 2090 937 2139 suadet.

288 2176 319 2187 -
336 2143 391 2195 Ph.
411 2146 585 2199 Bremens.
610 2152 680 2199 Cort.
700 2152 729 2200 L.
747 2151 848 2201 stuata.
872 2155 936 2203 Uoc.

289 2231 362 2263 uuam
402 2216 529 2263 raeaeribit
548 2226 659 2264 ceterum
678 2217 716 2264 uti
731 2220 886 2279 praecedent.
903 2245 937 2257 -

288 2274 350 2329 Vale
396 2291 446 2328 orte
465 2283 533 2329 Cort
542 2283 642 2330 Saeaasr.
649 2292 674 2330 et
686 2284 827 2331 Samium
836 2284 860 2338 Γ.
869 2286 935 2333 Part.

210 2343 215 2360 ¹
288 2363 381 2406 uuam,
405 2350 432 2395 tt.
453 2348 576 2395 Rhabarb.
600 2350 664 2396 Part.
684 2349 760 2406 duae,
783 2350 811 2396 1..
831 2350 935 2413 Guajaci

286 2415 352 2462 Part.
366 2425 438 2473 octo,
455 2413 509 2461 Fal.
523 2414 596 2461 Seno.
613 2414 679 2462 Part.
694 2415 827 2463 duodecim
840 2426 865 2464 et
875 2418 934 2464 aad.

285 2480 406 2543 Sauapar.
423 2481 490 2526 Part.
506 2480 594 2543 viginti
610 2490 717 2542 quatuor
729 2495 785 2529 cum
801 2482 936 2547 e.q.Me11.

209 2578 211 2582 y
286 2546 354 2608 deep.
371 2546 397 2590 io
415 2543 496 2592 Eleot.
515 2544 594 2609 redigi
612 2545 737 2609 proponit.

323 2626 558 2675 aeternitatum
591 2627 749 2676 MYRRHAE
779 2627 936 2678 compost-

284 2691 356 2739 TUM
373 2708 395 2738 v.
412 2690 583 2739 Electuarium
599 2693 726 2757 gingivale.

295 2781 528 2829 Etucruamutt
545 2784 589 2829 AD
606 2781 822 2834 Nueuutrtcos
837 2787 923 2835 Lauta.

318 2847 375 2892 Rae.
400 2845 477 2893 Elect.
492 2846 587 2895 leuitici
599 2849 661 2895 Uoc.
680 2865 754 2896 unam
767 2851 858 2910 samir,
874 2852 935 2899 The·

284 2911 392 2959 rebioth.
408 2913 496 2959 Venet.
513 2927 571 2960 cum
585 2912 681 2961 Vitelio
697 2915 933 2965 minuitatem.

532 336 693 405 ELECT.
717 334 1019 424 MUNDiFICANS
1033 377 1080 389 -
1093 341 1255 411 ELECT.
1275 342 1481 414 OPIATUM

1136 520 1247 589 censis
1261 520 1456 611 Quantitate
1468 520 1644 596 sufficien-

1136 632 1170 688 te
1199 615 1326 707 soluti,
1356 619 1501 693 Unciam
1529 646 1643 696 unam.

1040 716 1143 795 Tum
1156 712 1251 787 adde

1037 810 1179 885 Radicis
1213 812 1403 912 Angeiicae
1434 814 1641 918 pulveraue

1160 912 1286 985 Uncias
1308 936 1385 1002 sex,

1060 1051 1107 1063 -
1156 1011 1395 1106 Serpentadae
1419 1013 1642 1110 Virgiuianae

1160 1106 1371 1208 pulveratae
1393 1111 1520 1182 Uncias
1547 1137 1642 1208 qua-

1158 1222 1262 1294 tuor,

1059 1341 1108 1352 -
1157 1301 1363 1376 Valerianae
1388 1306 1553 1394 minaria,

1061 1443 1108 1454 —
1159 1399 1332 1498 Squillae,

1036 1497 1176 1571 Radicis
1201 1498 1396 1573 Zedoariae
1420 1497 1639 1598 singulorum

1109 1596 1376 1696 pulveratorum
1392 1599 1516 1670 Uncias
1535 1594 1639 1689 duaa,

1036 1699 1272 1788 Cinnamomi,

1036 1793 1263 1868 Cardamomi
1287 1797 1453 1885 minoris,

1035 1894 1221 1991 Myrrhae,

1035 1992 1379 2090 Caryophyllorum,

1036 2091 1157 2178 Croci,

1035 2185 1169 2258 Vitrioli
1198 2188 1321 2259 Martis
1344 2186 1483 2274 factitii,
1508 2190 1637 2282 singu-

1132 2282 1249 2356 lorum
1285 2285 1320 2354 in
1357 2284 1539 2381 pulverem
1571 2306 1637 2352 re-

1133 2379 1334 2472 dactorum,
1353 2382 1497 2453 Unciam
1517 2403 1636 2452 unam.

1033 2483 1243 2564 Misceantur
1258 2482 1391 2570 omnia,
1407 2494 1446 2551 ut
1457 2477 1516 2550 fiat
1525 2474 1637 2548 Eleu-

984 2581 1155 2668 tuarium,
1196 2578 1294 2677 quod
1327 2594 1411 2680 post
1440 2575 1637 2674 refrigera-

983 2680 1113 2750 tionem
1133 2679 1168 2750 iu
1187 2702 1271 2751 vase
1290 2679 1404 2765 sicco,
1426 2673 1508 2749 loco
1525 2676 1638 2762 sicco,

984 2774 1199 2874 subfrigido,
1219 2772 1477 2849 asservandum.
1492 2815 1538 2828 -
1555 2775 1637 2843 Via:

985 2877 1151 2964 excitans,
1177 2873 1438 2972 diaphoretica,
1459 2872 1638 2970 antispas-

285 2978 537 3035 uuam,Teet.Ovor.
551 2977 758 3043 valCouch.ppt.
777 2984 839 3031 Uoc.
853 2982 935 3045 semia,
983 2973 1069 3061 fica,
1094 2974 1335 3063 carminativa,
1356 2972 1549 3060 narcoticss,
1573 2992 1635 3041 80·

282 3044 314 3093 tt.
329 3041 451 3091 Rhabarb.
464 3042 582 3090 Drachm.
598 3060 682 3093 uuam.
708 3046 759 3108 ut,
773 3046 791 3094 t‘.
804 3061 863 3095 cum
882 3064 894 3095 a
909 3066 934 3112 q.

283 3110 337 3172 Syr.
354 3108 471 3157 Althaeae
486 3108 566 3157 Eleot.

283 3199 519 3248 utucruattttttt
531 3199 799 3249 ouotttttctcutu
811 3217 854 3249 eeu
866 3217 934 3248 oon-

285 3274 335 3311 tta
352 3263 487 3312 Dolores
504 3265 658 3314 Dentium
676 3267 934 3316 moscovfflcutt

316 3331 372 3376 Rae.
391 3329 496 3394 Campi.
507 3328 625 3379 uncam.
641 3334 716 3390 duaa,
732 3333 802 3395 Sper.
816 3335 933 3396 Imperat.

282 3393 367 3456 pulv„
385 3394 445 3457 Opii
455 3395 527 3457 puri,
539 3398 633 3458 Styrac.
646 3397 673 3443 in
683 3397 761 3445 Grau.
774 3401 800 3451 {i
810 3397 932 3447 Drachm.

282 3459 367 3505 remia.
391 3460 419 3505 L.
437 3459 530 3506 Sautali
547 3462 616 3508 rubri
640 3462 864 3523 brachmanum,
890 3464 933 3512 01.

983 3072 1105 3240 piens,
1136 3071 1322 3144 roborans.
1343 3113 1391 3124 —
1422 3069 1529 3141 Uncia
1564 3090 1636 3138 una

1010 3172 1084 3267 ujus
1114 3164 1300 3242 Electuerii
1321 3170 1478 3267 quinque
1499 3165 1637 3264 circiter

984 3269 1063 3365 0pii
1088 3272 1205 3340 Grana
1230 3269 1388 3340 conduct.

1023 3367 1071 3428 Sit
1084 3367 1221 3443 fuscum,
1237 3366 1400 3428 crassioris
1410 3360 1635 3436 consistentiam

984 3460 1016 3509 et
1036 3450 1133 3513 odore
1155 3449 1340 3525 aromatico,
1360 3445 1450 3505 timul
1474 3441 1634 3503 narcoticu

283 3522 407 3587 Caryoph.
420 3534 445 3571 et
457 3524 559 3588 Origani
576 3527 602 3577 t:
618 3527 706 3589 Scrup.
718 3544 812 3588 unum,
825 3530 935 3592 Moschi,
983 3529 1067 3614 opii,
1081 3532 1128 3591 uti
1142 3544 1173 3592 et
1183 3550 1301 3614 sapore.
1314 3527 1523 3590 Eiectuarium
1534 3533 1634 3600 tenue,

282 3589 414 3641 Ambus.
437 3589 514 3637 Grau.
534 3604 656 3654 quatuor,
682 3594 756 3640 carae
775 3592 827 3641 alb.
845 3607 871 3644 et
892 3595 935 3645 ot.

281 3656 422 3718 Amyng.
434 3657 498 3702 Uoc.
508 3657 589 3704 aemio.
608 3657 669 3705 Leni
682 3657 739 3722 igue
751 3660 811 3706 Cera
821 3676 880 3708 oum
890 3661 933 3710 01.

282 3722 388 3785 Amygd.
406 3720 549 3784 liquefactis
564 3723 749 3771 admirreautur
765 3722 869 3789 reliqua.

280 3816 762 3930 tuhucrtmttlum
776 3831 934 3916 ΟΡΙΑ-

281 3943 421 4026 TUM
469 3946 562 4027 sive
606 3945 934 4033 'PHERIACA

281 4045 547 4131 Pharmecopoeae
577 4049 759 4113 Borueeioae
790 4051 935 4116 editionis

281 4162 443 4224 secunao.
504 4133 934 4256 verumtamem.

392 4257 633 4360 Electucire
661 4264 819 4365 optare.

313 4369 426 4440 Syron„-
440 4369 629 4423 Electoarium
648 4371 819 4441 thebaicum,
835 4373 936 4427 therie-

281 4435 340 4488 cale
356 4434 499 4506 (partim),
513 4436 810 4517 aromatico-apiarum,
830 4455 936 4492 aroma-

281 4501 366 4554 ticum
390 4518 452 4554 cum
474 4501 547 4583 Opia
574 4518 624 4555 eeu
652 4502 715 4574 Opti
737 4505 933 4576 compositum,

282 4567 424 4621 Confectio
441 4567 513 4640 Opit.

282 4649 362 4719 Rec.
387 4644 502 4719 Mellis
516 4644 578 4719 des
607 4649 713 4718 umati
727 4647 853 4720 Libras
866 4672 935 4722 ser.

330 4745 511 4818 Paululum
533 4672 705 4819 caiisacto
722 4747 876 4819 admisce

330 4846 410 4939 Opii
435 4844 631 4943 pulverati‚
657 4848 690 4917 in
718 4848 794 4921 Vini
816 4845 935 4920 Mala-

984 3634 1143 3675 mucoeum
1161 3613 1210 3676 vel
1226 3610 1428 3686 exsiccatum,
1443 3617 1636 3687 corruptum,

984 3695 1082 3758 odore
1097 3707 1128 3756 et
1143 3715 1254 3777 sapore
1273 3692 1390 3769 alieno,
1410 3690 1579 3772 rejiciatur.

1030 3783 1118 3842 Usus.-
1140 3780 1199 3840 Per
1215 3796 1249 3838 ee
1266 3777 1467 3836 interneraro
1481 3780 1636 3843 atcerte,

983 3862 1164 3944 plerumque
1192 3869 1320 3920 externe
1348 3855 1520 3918 adhibetur.
1558 3852 1634 3914 attis

983 3963 1105 4027 quoque
1124 3940 1298 4004 electuariis
1314 3952 1345 4001 et
1364 3936 1503 4001 mixturis
1525 3932 1635 4029 admir-

984 4037 1090 4099 cetur,
1106 4025 1150 4085 uti
1158 4035 1191 4084 et
1208 4022 1447 4103 cataplasmatis,
1465 4017 1636 4097 emplastris

984 4117 1016 4167 et
1032 4105 1202 4202 uopoentia.
1223 4105 1397 4188 Praecipue
1413 4103 1506 4165 etiam
1522 4100 1635 4159 inerte

985 4189 1169 4250 veterinariae
1192 4198 1367 4270 usurpatur.

1024 4285 1196 4336 Eiectuarium
1226 4286 1274 4336 hoc
1299 4285 1443 4336 Theriacam
1472 4285 1636 4352 Moroupcrt

983 4352 1099 4416 amplat,
1117 4370 1180 4417 quae
1195 4354 1272 4403 nimie
1288 4351 1465 4415 multipliciter
1479 4353 1635 4407 composita,

985 4419 1123 4467 novissimi·
1140 4421 1293 4485 temporibus
1307 4418 1363 4482 pior
1377 4411 1535 4478 aimplificata
1550 4417 1636 4455 est.-

985 4482 1198 4549 Pharmacopoeae
1222 4497 1303 4534 tamen
1323 4497 1399 4530 uoraa
1418 4479 1444 4525 in
1469 4476 1515 4523 hac
1536 4487 1636 4545 quoque

984 4552 1164 4614 compositione
1189 4553 1338 4614 discrepant.
1355 4571 1393 4619 ⁸-
1418 4537 1473 4591 Pb.
1498 4537 1636 4587 Dantca

984 4629 1093 4677 nova,
1120 4612 1242 4667 Codex
1268 4604 1395 4660 medrc.
1428 4601 1634 4670 Hamburg.‚

984 4668 1491 4816 1ῑ11ῑι1111111ἱῖ.,1111111111
1511 4679 1634 4787 iiiii]

984 4832 1042 4864 cum
1066 4818 1122 4864 data
1146 4813 1254 4862 formula
1281 4819 1438 4876 congruunt,
1465 4804 1504 4855 uti
1527 4816 1552 4853 et
1577 4793 1635 4849 Ph.

984 4873 1321 4941 Sintica-liciata,
1339 4875 1388 4925 uiri
1404 4875 1471 4940 quod
1491 4872 1552 4922 haee
1571 4871 1635 4919 Uoc.
