3550 5417
309 360 440 433 CONF.
466 361 640 436 CALAMI
658 365 862 441 AROMAT.
881 407 931 422 -
952 371 1081 447 CONF.
1100 373 1296 448 HAMECH

33 540 37 546 '
120 538 307 592 consecuto
324 541 452 594 cabant
468 544 777 599 anouartctsee.v1n

410 608 492 657 Mons.

152 673 212 722 Rec.
228 671 291 720 liad.
301 669 399 720 Galam.
412 688 492 720 arom.
503 673 560 723 sicc.
574 686 597 724 et
612 679 696 727 mund.
711 681 777 727 Part.

121 739 192 787 duas.
225 738 412 798 starentque
433 739 516 802 tepida
532 739 558 787 in
576 758 629 789 vase
643 742 728 791 clauso
745 747 775 792 ad

121 804 275 863 mollitiem,
296 812 355 848 tune
376 803 507 865 pinsuntur
525 804 553 852 in
576 811 696 856 mortario
715 825 777 856 mar·

123 884 227 926 mereo,
250 878 275 914 et
294 883 381 930 parum
405 868 536 917 calefactae
560 872 717 934 trajiciantur
733 891 777 938 per

124 935 238 982 cribrum
258 943 284 980 et
298 934 420 981 addantur
441 934 529 983 Saocb.
544 937 612 985 Part.
632 948 695 997 tres,
713 957 777 1003 quae

125 1014 184 1046 cum
195 996 371 1062 pulpaCaiami
387 999 413 1045 in
427 997 518 1060 justam
527 1003 712 1053 consistentiam
727 1023 776 1054 era·

125 1075 255 1128 porentnr.
274 1065 313 1118 (V.
331 1062 405 1110 etiam
420 1065 577 1127 Conditum.)

158 1144 340 1194 CONFECHO
356 1145 521 1205 caunites
537 1165 559 1198 s.
573 1150 706 1200 Confectio
724 1168 776 1201 cor·

123 1208 209 1257 diaiis.
349 1213 353 1220 '

122 1275 307 1324 connectio
329 1277 463 1325 CASSIAE
485 1295 527 1326 seu
550 1280 698 1330 Fistulae
727 1278 777 1331 Ph.

120 1332 237 1388 boudin.
254 1351 300 1389 cet.
316 1336 540 1457 §ostietgpptttetge
574 1340 724 1410 Cospseets'oss
746 1344 777 1394 ds

452 1421 501 1456 sau.
557 1432 560 1438 ·

154 1473 210 1519 iiec.
234 1469 308 1535 Pulp.
323 1473 418 1522 Cassiae
432 1490 482 1522 rec.
496 1475 566 1524 Libr.
583 1477 672 1537 minis,
688 1479 776 1527 Manu.

120 1537 184 1586 ϋηο.
200 1537 275 1594 duas,
296 1538 369 1603 Pulp.
384 1540 528 1588 Tamarind.
538 1542 603 1600 ϋηο.
619 1559 704 1604 unam,
721 1545 776 1608 Syr.

121 1603 206 1650 linear.
222 1603 309 1650 Octar.
323 1605 406 1653 mutis.
424 1607 544 1653 Mannum
559 1610 695 1668 contunde,
710 1620 775 1668 tum,

121 1666 211 1715 bsineo
225 1667 335 1728 Mariae,
358 1670 386 1716 in
407 1671 504 1734 Syrupo
526 1671 607 1734 iiqns;
627 1673 719 1721 deinde
735 1676 776 1722 ad·

122 1732 199 1779 misce
216 1732 328 1796 Puipas,
352 1745 378 1782 et
395 1734 529 1784 humorem
544 1754 678 1797 consume,
695 1740 775 1788 donec

121 1797 209 1844 idonea
227 1798 271 1846 fiat
285 1800 432 1848 crassitudo.
446 1828 477 1839 ·-
490 1795 544 1847 Ph.
556 1798 580 1848 F
588 1798 776 1853 errariene.

122 1859 230 1910 formula
242 1877 300 1910 cnm
319 1863 366 1912 bae
384 1865 511 1927 congruit.
527 1893 559 1905 -
574 1864 726 1918 Fuuuatttttt
740 1871 778 1918 in·

120 1943 193 1990 super
208 1927 278 1975 Puir.
296 1929 413 1978 Cinnam.
433 1931 552 1979 Dracbm.
570 1934 631 1981 duas
644 1936 704 1982 addi
722 1953 777 1999 pro·

120 1993 201 2056 pouit.
224 1994 267 2047 (V.
281 1994 359 2043 etiam
375 1996 496 2045 Conserra
508 2008 533 2045 et
546 1998 736 2058 Eiectuariutn.)

152 2081 337 2132 CONFECHO
360 2087 500 2146 CHINAE,
523 2088 627 2137 KINAE
641 2106 684 2137 seu
707 2091 777 2154 Qut·

119 2146 188 2195 NAE
220 2149 459 2210 aestatuum,
486 2153 702 2203 contuentes
734 2158 776 2204 ET

118 2211 359 2263 ammonianus
377 2232 398 2266 r.
415 2215 595 2266 Electuarium.

157 2300 342 2349 colimento
369 2304 535 2368 (Radicis)
563 2309 709 2359 etcuottlt
738 2311 776 2359 nti

120 2365 253 2414 Confectio
271 2365 369 2416 Calami
385 2382 496 2433 paratur.

121 2452 363 2518 CONFECTIO
398 2458 613 2539 (Seminis)
649 2464 776 2526 CINAE

120 2554 178 2595 sen
200 2538 329 2614 Cynae
348 2538 412 2600 site
433 2543 649 2605 Santonici.
672 2545 776 2609 ustie

32 2615 36 2621 '
120 2614 259 2696 guertio
279 2613 497 2699 ibernienses.
537 2628 714 2706 Confection
739 2636 775 2692 de

356 2707 532 2768 Sementiua.

152 2774 219 2827 Rec.
241 2774 356 2831 Seminis
368 2778 467 2846 Cinae,
481 2799 496 2834 a
509 2780 645 2852 stipitibus
660 2783 774 2856 aliisque

117 2840 275 2958 ptusqussiie
289 2843 393 2914 optime
404 2844 543 2914 mundati,
560 2847 629 2900 Uno.
645 2859 774 2920 quatuor.

133 2904 303 2960 mmittantur
320 2909 423 2963 cacabo
440 2912 544 2965 aheneo
562 2928 603 2964 am
625 2913 671 2980 io,
688 2931 720 2968 su
742 2933 774 2969 er

116 2970 284 3026 lenissimum
295 2973 383 3046 ignem
394 2992 528 3046 suspenso
558 2930 660 3048 quibus
670 2934 774 3052 pauiia-

116 3034 166 3088 tim
183 3034 350 3091 adibndatnr
364 3039 495 3095 Succhari
511 3018 621 3113 albina,
637 3043 671 3097 ed
687 3047 772 3100 consi-

115 3102 244 3154 stentiam
251 3102 366 3157 tabulati
376 3107 456 3173 cocti,
467 3106 552 3161 Libra
563 3127 627 3177 nna,
636 3112 679 3163 rei
688 3128 774 3183 qnan-

116 3176 177 3220 tum
193 3167 301 3221 sufficit.
331 3169 458 3243 Agitetnr
478 3173 596 3227 cacabus
619 3175 729 3230 assiduo
746 3187 774 3231 et

115 3232 228 3303 spatula
244 3232 333 3305 lignea
346 3236 437 3306 probe
452 3238 699 3307 intermisceantur,
714 3252 773 3295 tum

114 3296 355 3370 semirefrigeratis
372 3317 455 3354 manu
470 3303 568 3358 ieviter
585 3315 724 3374 terantur,
741 3318 774 3362 ut

113 3361 224 3435 globuli
250 3363 347 3417 minuti
372 3366 544 3437 formentur,
572 3367 659 3424 donec
684 3374 773 3427 omnia

114 3426 190 3481 sicca
198 3425 367 3500 adpareant3
379 3441 446 3485 tnnc
461 3449 527 3486 vero
540 3446 634 3505 partes
642 3439 774 3509 pulveru-

59 3506 62 3512 ’
112 3493 208 3547 lentae
221 3503 250 3547 et
265 3494 368 3548 semina
378 3514 435 3551 non
447 3499 510 3552 satis
520 3499 669 3556 incrustata
686 3504 772 3558 cribri

113 3574 172 3629 ope
188 3557 224 3612 ab
237 3560 394 3614 incrassatis
410 3563 587 3634 separentur,
605 3577 633 3621 et
643 3568 773 3624 mundato

113 3622 221 3676 cacabo
245 3622 336 3680 denuo
360 3627 565 3698 incrustentur,
589 3632 667 3703 quod
692 3635 773 3690 toties

112 3688 319 3759 repetendum,
344 3689 430 3747 donec
451 3695 542 3750 omnia
565 3696 704 3753 Saccharo
721 3701 773 3756 rite

12 3756 15 3762 '
105 3751 242 3806 'obducta
258 3755 319 3810 sint.

145 3849 335 3928 CONSECI'IO
352 3853 544 3905 cinnamoni
560 3859 665 3908 RECIA
681 3863 749 3914 uarr-

149 3983 209 4030 iiec.
228 3981 386 4033 Cbocoiadae
399 3937 600 4051 iidddiyussuor,
617 3994 681 4043 Nnc.
691 3995 772 4043 indic.

114 4048 215 4097 condit.
223 4048 285 4096 Neo.
295 4058 352 4098 tres.
367 4054 447 4099 Probe
456 4057 567 4104 contusis
578 4059 703 4108 addantur
710 4062 773 4107 Con·

115 4113 177 4160 fect.
185 4111 315 4161 attenues
323 4115 389 4163 ϋηο.
404 4122 461 4176 una,
476 4119 519 4168 Oi.
529 4122 643 4171 Cinnam.
653 4125 772 4173 Drachm.

115 4176 207 4253 semis,
229 4180 285 4242 Syr.
305 4178 420 4232 Cinnam.
438 4185 500 4232 ϋηο.
516 4203 566 4236 sex.
590 4189 671 4238 Probe
688 4190 774 4238 omnia

116 4253 279 4291 misceantur.

141 4331 329 4381 cortracum
347 4334 519 4386 COMMUNIS
537 4333 586 4386 Pb.
600 4333 752 4391 Genevens.

152 4398 208 4445 Rec.
225 4401 316 4446 Terras
330 4398 425 4463 sigili,
442 4402 518 4451 Ocni.
533 4406 652 4454 Cancror.
667 4408 695 4460 ῐῖ
709 4411 772 4456 ϋηο.

121 4469 186 4519 tres,
200 4464 316 4512 Cinnam.
325 4465 389 4511 ϋηο.
405 4482 498 4526 unam,
512 4469 567 4517 Fol.
581 4471 707 4522 Dictsmn.
717 4476 774 4523 Cre·

121 4524 183 4584 tio,
198 4528 267 4591 Ligu.
280 4529 375 4590 Santali
392 4531 449 4579 citr.
465 4536 489 4584 a]
502 4535 568 4582 ϋηο.
578 4538 661 4597 semis,
674 4538 773 4602 Myrrb.

122 4589 239 4640 Dracbm.
258 4594 332 4654 duas,
350 4595 426 4644 Croci
442 4599 508 4645 Une.
525 4601 614 4660 semis,
637 4604 691 4667 Syr.
709 4604 773 4653 Citri

121 4653 187 4701 ϋηο.
202 4656 275 4716 duas,
298 4658 370 4708 nteit.
388 4662 532 4713 Unc.·dnss
554 4667 636 4715 umis.
661 4669 696 4717 M.
727 4672 772 4728 (V.

121 4716 197 4766 etiam
214 4722 342 4772 Confectio
358 4725 391 4772 de
412 4727 574 4790 Hyacinthe.)

138 4805 320 4860 CONFECHO
344 4814 519 4865 CORDIALIS
543 4835 586 4867 seu
608 4819 757 4872 Eleem-

160 4872 244 4922 riam
262 4879 474 4930 aromaticum
491 4876 539 4930 t‘h.
553 4877 734 4938 Lusitanieao.

1407 382 1479 458 tet

860 553 916 599 iiec.
940 550 1008 601 Pois.
1023 564 1125 601 aromat.
1151 553 1258 617 (Lusit.)
1272 558 1337 607 ϋηο.
1353 569 1479 624 quatuor,

827 616 941 665 Conseri.
960 621 1029 666 Cort.
1052 622 1156 667 Auram.
1173 621 1238 669 ϋηο.
1256 638 1311 679 sex,
1336 625 1389 686 Syr.
1409 628 1479 676 Cort.

827 684 932 730 Auram.
951 700 975 746 q.
990 701 1025 744 s.,
1048 694 1076 731 ut
1096 684 1115 732 f.
1133 684 1306 736 electuarium.
1336 693 1384 745 (V.
1403 691 1478 740 etiam

827 749 956 796 Confectio
971 750 1124 812 aromatica,
1140 752 1235 800 Santaii
1252 754 1480 806 cordialisetElec·

828 813 954 878 suarium.)

859 904 1044 952 CONFECTiO
1062 905 1159 955 caoct
1173 908 1379 974 COMPOSITA,
1396 912 1481 962 Eiec-

828 969 936 1016 tuaire
960 971 1362 1038 absorbent-aromatique
1393 981 1479 1027 Heras

825 1044 850 1080 et
858 1034 995 1083 Guraounr.
1006 1062 1036 1073 -
1048 1039 1075 1084 in
1091 1054 1188 1085 summa
1197 1041 1232 1086 rei
1250 1056 1308 1090 cunt
1316 1043 1480 1093 Confectioue

825 1100 956 1147 communi
974 1102 1020 1148 Pb.
1040 1102 1132 1150 Gener.
1150 1106 1275 1169 congruit.

859 1188 1041 1238 conruent)
1066 1193 1272 1243 coutentium.
1300 1193 1481 1259 tristiumue
1525 1256 1527 1264 ,

826 1249 949 1310 ϋϋθθῢοη.
978 1250 1088 1301 Cubebes
1102 1247 1214 1308 suore‘es.
1232 1285 1264 1297 —
1286 1263 1331 1312 Uti
1349 1264 1478 1313 Confectio

826 1320 934 1368 Seminis
951 1321 1028 1369 Cinae
1044 1336 1154 1384 paratur.

854 1409 1042 1459 conrcorro
1058 1402 1278 1464 croomoaiuu
1294 1417 1351 1465 vu
1369 1420 1451 1467 noas.

858 1475 917 1523 Rec.
942 1477 1079 1540 Cydonior.
1098 1490 1219 1540 quantuni
1241 1481 1285 1529 ris.
1316 1483 1435 1530 Diacinde
1452 1483 1480 1531 in

825 1550 951 1617 segmenta
971 1551 997 1588 et
1014 1543 1102 1618 demtis
1124 1545 1232 1607 capsulis
1249 1560 1306 1593 curu
1325 1549 1481 1609 seminibus,

825 1605 1482 1739 itt‘tttsttttifttiiiitttittt't

826 1734 895 1782 chari
920 1736 1025 1800 triplum
1047 1739 1144 1786 Pondus
1168 1740 1340 1789 adhibitorum
1359 1744 1482 1805 Cydonio·

827 1817 883 1849 rum
897 1811 922 1848 et
938 1818 1041 1864 erapora
1059 1804 1088 1849 od
1106 1803 1199 1865 justam
1215 1806 1411 1867 spissitudinem.

858 1905 1045 1955 cortracum
1058 1908 1236 1957 cruosaarr
1246 1913 1301 1958 vas
1310 1906 1479 1975 utor-moin»

826 1968 1020 2032 buttenconfert
1040 1966 1189 2034 Conseotr'ors
1205 1970 1481 2039 deCyoorrhodon.-

825 2037 861 2082 Ex
870 2038 1026 2098 Cynosbatis,
1036 2039 1174 2087 seminibus
1184 2041 1288 2104 setisque
1303 2045 1416 2107 purgatis
1426 2044 1480 2108 pari

827 2103 903 2148 modo
916 2114 1027 2165 paratur,
1043 2107 1073 2151 ad
1090 2121 1166 2152 unam
1184 2117 1267 2154 autem
1279 2111 1402 2169 Fructus,
1419 2112 1481 2157 duas

828 2171 1002 2215 tantummodo
1023 2169 1140 2216 Saccbari
1161 2172 1243 2218 Partes
1265 2175 1395 2223 sumendo.
1429 2178 1498 2230 (V.‘

825 2233 1052 2356 ppiarlp)Confectio
1075 2237 1152 2284 iiosae
1173 2238 1294 2298 caninae,
1319 2239 1439 2290 Conteris
1456 2251 1482 2288 et
1514 2276 1519 2285 .

847 2314 876 2344 oo
898 2331 903 2343 .

859 2389 1046 2438 CONFECTIO
1069 2392 1263 2442 ntauatJNura
1286 2408 1329 2441 seu
1354 2396 1482 2443 Pruno·

825 2469 895 2500 runs
913 2471 934 2501 v.
951 2456 1033 2502 Pruna
1052 2455 1162 2503 laxativo,

858 2543 1042 2592 CONFECTIO
1059 2547 1243 2614 ntascountt
1261 2565 1284 2596 s.
1296 2549 1496 2597 Eiectuarium.·

857 2649 1043 2697 conrncrro
1060 2635 1191 2700 nuntia
1208 2656 1261 2702 viu
1279 2655 1370 2704 nors..
1391 2654 1480 2709 estant

825 2709 937 2772 Qtnftti.
972 2708 1121 2777 Corfiotion
1139 2709 1260 2766 d'Aune'e.
1280 2749 1310 2759 -
1335 2723 1371 2769 Ex
1388 2723 1481 2770 Rodios

824 2779 918 2826 Enniae
938 2780 1028 2827 siccata
1048 2797 1106 2830 cum
1120 2782 1206 2848 Triplo
1225 2785 1341 2834 Ssccbari
1363 2787 1399 2835 uti
1417 2788 1482 2835 Con·
1505 2835 1510 2844 ,

824 2845 901 2891 fectio
919 2843 1016 2892 Caiami
1034 2859 1141 2909 paratur.

857 2934 1040 2983 contactio
1050 2937 1204 3011 Ftsrnnau
1213 2957 1233 2986 r.
1240 2939 1371 2988 Confectio
1377 2939 1479 2990 Cassiae.

856 3040 1043 3089 CONFECTIO
1075 3042 1270 3104 (Sentinum)
1295 3046 1478 3094 'FOENICULI

824 3103 861 3150 uti
876 3101 1007 3152 Confectio
1020 3107 1147 3155 Sentinum
1163 3108 1241 3155 Cinae
1260 3122 1368 3172 paratur.
1388 3142 1417 3153 -
1435 3104 1479 3157 Ρι-

823 3180 904 3216 numu·
923 3169 1046 3245 Saceharo
1060 3173 1136 3220 ctiam
1155 3172 1296 3237 pauxillum
1316 3175 1403 3239 Amyli
1419 3176 1479 3224 addi

823 3245 952 3298 proponit.
1123 3251 1125 3255 ·

823 3324 1011 3372 CONFECTiO
1036 3327 1174 3376 {tanuen
1190 3331 1281 3380 Rnazss
1298 3331 1478 3383 conuecta,

856 3392 912 3438 Rec.
936 3391 996 3438 iisd.
1013 3392 1133 3457 Polypod.
1152 3395 1477 3464 Drachm.‚duodesiginti‚

823 3457 930 3504 Prunor.
944 3456 1027 3517 tute,
1046 3457 1138 3507 Pantul.
1154 3464 1179 3511 fi
1193 3463 1259 3510 Uoc.
1274 3475 1350 3525 octo,
1367 3465 1478 3515 Miroba·

823 3521 875 3570 ian.
892 3521 950 3569 citr.
967 3526 1032 3571 ϋηο.
1048 3541 1104 3582 ses,
1129 3527 1180 3579 Hb.
1196 3527 1313 3577 Absinth.
1328 3530 1395 3596 vulg.
1411 3534 1477 3578 ϋηο.

822 3587 909 3646 semis,
928 3588 1021 3637 ubst
1041 3592 1075 3645 mi
1090 3592 1153 3637 ϋηο.
1167 3608 1260 3652 unam,
1278 3595 1400 3644 Cuacutae
1411 3598 1478 3644 Une.

822 3652 899 3710 duas,
917 3654 977 3700 iisd.
1001 3608 1123 3704 aiebam.
1144 3659 1208 3705 ϋηο.
1230 3658 1290 3707 duas
1310 3663 1398 3719 sensis,
1421 3660 1478 3710 rol.

822 3719 976 3776 SenmUnc.
990 3720 1233 3785 unam‚CoIocynth.
1245 3739 1259 3770 a
1268 3726 1410 3773 Seminibus
1419 3726 1480 3775 libe·

824 3794 885 3841 rat,
910 3783 1009 3845 Agaric.
1028 3785 1081 3832 albi
1102 3787 1127 3837 Γ.
1144 3786 1265 3835 Drachm.
1287 3791 1477 3855 duodeviginti,

824 3847 890 3894 fior.
907 3848 992 3895 Rossr.
1012 3850 1099 3909 rubr.,
1122 3851 1186 3898 Sem.
1203 3854 1273 3901 Anisi
1291 3865 1316 3902 et
1334 3858 1434 3907 Foenic.
1452 3858 1478 3912 ἶ.

822 3912 944 3959 Dracbm.
957 3929 1010 3972 ses,
1027 3916 1094 3963 Sem.
1106 3917 1175 3963 Viol.
1187 3918 1250 3965 Uno.
1264 3919 1332 3968 duas.
1350 3923 1402 3970 ine.
1411 3934 1479 3972 cont.

824 3988 981 4027 macerentur
995 3996 1038 4042 per
1049 3994 1081 4040 24
1096 3978 1169 4040 boras
1181 3997 1240 4029 cum
1256 3986 1308 4032 Seri
1322 3988 1404 4036 Lectis
1414 3991 1478 4038 ϋηο.

823 4043 939 4091 ducentis
956 4046 1084 4108 octoginta
1101 4059 1167 4095 octo.
1197 4048 1294 4098 Deinde
1309 4050 1418 4102 bullient
1435 4068 1478 4118 per

823 4109 926 4166 horam,
951 4107 995 4156 fiat
1015 4110 1127 4158 colatura
1148 4127 1206 4160 cum
1230 4115 1290 4162 forti
1308 4119 1479 4181 expressione,

824 4171 948 4221 residuum
967 4174 1059 4223 bulliat
1071 4192 1128 4224 curn
1142 4181 1227 4241 Aquae
1242 4183 1306 4230 Uno.
1321 4185 1436 4232 ducentis
1452 4195 1478 4233 et
1522 4193 1525 4200 ⁴

823 4239 946 4302 sexaginta
967 4256 1011 4303 per
1029 4241 1195 4301 semihoram
1222 4245 1355 4296 decoctum
1377 4249 1478 4298 fortiter

823 4305 978 4367 exprimatur
991 4317 1016 4352 et
1032 4307 1109 4368 priori
1128 4308 1277 4371 adjiciatur;
1295 4314 1376 4362 omnis
1395 4314 1478 4376 liquor

823 4381 878 4480 popt
891 4385 923 4431 aa
936 4370 1009 4418 boras
1019 4371 1184 4485 decpntltetnr
1200 4391 1220 4487 p
1228 4378 1338 4426 faecibus
1348 4391 1375 4456 et
1383 4378 1476 4492 biayypio

823 4449 907 4483 crore
928 4451 954 4483 va
974 4448 1028 4485 oret
1049 4454 1061 4484 a
1098 4454 1297 4490 consumronem
1319 4455 1406 4492 tertiae
1454 4460 1479 4491 r·

823 4501 871 4559 tis,
890 4453 1014 4549 addadtnr
1025 4502 1142 4552 Saccbari
1152 4506 1216 4553 ϋηο.
1232 4508 1419 4573 duodeviginti3
1438 4523 1479 4555 eo·

824 4577 932 4628 quantur
944 4569 973 4614 ad
988 4569 1174 4618 consistentiam
1189 4572 1280 4636 Syrnpi
1297 4573 1432 4630 tenuioris,
1449 4573 1478 4621 iu

823 4647 873 4692 quo
899 4631 1063 4681 dissolvantur
1083 4636 1188 4684 Marinae
1211 4638 1274 4684 ϋηο.
1297 4639 1377 4695 dnae,
1403 4636 1477 4701 Puip.
1560 4653 1563 4658 ·

823 4696 917 4746 Cassiae
935 4700 998 4746 ϋηο.
1014 4710 1136 4761 quatuor,
1162 4699 1234 4762 Puip.
1251 4701 1393 4750 Tamarind.
1411 4703 1477 4752 ϋηο.

823 4761 944 4824 quinque.
963 4762 1007 4809 His
1021 4764 1168 4829 refrigeratis
1178 4766 1285 4812 addatur
1295 4778 1318 4812 et
1330 4766 1408 4830 probe
1422 4768 1480 4815 nris·

823 4838 908 4875 ceatur
927 4825 1009 4875 Pulsis
1029 4841 1143 4876 constans
1155 4844 1184 4875 er
1199 4828 1330 4894 Diacrydii
1346 4833 1411 4879 ϋηο.
1431 4849 1479 4882 una

823 4892 915 4957 scuris,
941 4892 1120 4943 mirobalanor.
1144 4892 1263 4944 Dracbus.
1290 4895 1479 4965 duodeviginti,
