3550 5417
306 332 382 406 804
457 327 700 400 TARTARUS
719 320 1059 394 FERRUGlNOSUS
1080 360 1127 372 -—
1148 319 1271 388 TELA
1289 317 1523 388 SANlTATlS
1629 407 1635 415 .

309 504 383 574 phur
393 500 542 556 Acidorum
554 496 701 552 Antimonii
714 494 903 549 formationem
916 496 962 547 im·

309 570 393 641 periit.
427 566 582 620 Ponderum
599 566 718 616 rationes
728 580 787 640 'non
801 562 883 633 piane
899 578 962 631 pro-

308 631 483 707 portionibus
508 629 749 683 stoeelriometrims
779 630 963 697 respondent,

309 698 357 754 scd
376 699 445 752 bene
462 698 503 751 rei
520 696 580 767 ipsi.

341 798 558 858 TARTARUS
592 791 900 850 FERRUGINOSUS
938 809 962 846 s.

308 880 498 941 martialis
517 884 568 937 vid.
585 884 718 936 Tartarus
735 881 920 951 chalybeatus.

341 982 508 1061 Tauranus
525 979 741 1030 alenconensis
757 977 964 1024 viennensis·

309 1062 473 1099 tartarraatcs.

344 1138 561 1197 TARTARUS
584 1134 792 1192 SOLUBILlS
820 1139 872 1192 vid.
897 1141 964 1211 Cure.

310 1230 373 1267 mor
390 1212 498 1264 Tartari
515 1207 649 1261 solubilis.

345 1309 561 1368 TARTARUS
583 1307 793 1364 STlBlATlJS
823 1309 874 1365 vid.
897 1312 963 1365 Tar·

310 1395 388 1439 taras
405 1384 542 1436 emeticns.

312 1489 599 1569 TARTARUS
634 1489 964 1565 TARTARISA-

312 1591 427 1669 TUS.
498 1589 730 1682 sartensem
769 1587 962 1687 lileintiein.

464 1688 605 1765 Trarlre
629 1689 816 1762 tartariee'.

344 1792 468 1853 Sanum:
498 1782 560 1835 liali
577 1781 752 1846 tartaricum,
782 1782 897 1833 Tartraa
915 1784 966 1833 l'o·

312 1861 417 1913 tarsae,
433 1848 522 1903 Alcali
534 1846 685 1920 vegetabile
699 1846 899 1910 tartarisatum,
918 1845 966 1898 Sal

312 1916 476 1969 diaretieum
491 1914 649 1986 vegetabile.
676 1914 807 1968 Transire
821 1914 966 1973 nataturus

311 1984 387 2043 sart.
409 1981 594 2045 meratenam.
630 1983 764 2035 Tartrete
782 1982 815 2034 de
832 1982 964 2048 Potaeee,

315 2054 421 2104 Tartre
437 2049 568 2112 solubile,
586 2051 636 2100 Set
652 2045 766 2114 sanetae.

313 2139 398 2207 Rec.
416 2135 578 2204 Cinerum
597 2130 860 2204 clavellatornm
878 2155 967 2201 eru-

515 2229 640 2302 dorum
662 2246 828 2327 quantum
845 2231 917 2317 vis,

363 2334 397 2400 in
423 2352 486 2401 eas
510 2327 614 2400 fictile
642 2330 802 2399 immissis
825 2325 968 2398 affunde

361 2436 486 2527 Aquae
507 2429 701 2497 communis
724 2423 873 2524 frigidae
895 2423 968 2495 du-

363 2525 482 2624 plum,
519 2541 553 2596 et
584 2522 760 2596 interdum
799 2526 967 2620 exagitata

364 2649 500 2722 sepone
518 2648 583 2718 per
600 2620 694 2695 dieni
711 2648 818 2694 unum
838 2621 895 2693 vel
914 2621 968 2691 al-

363 2739 489 2794 terum.
555 2721 747 2817 Liquorem
783 2718 968 2817 limpidum

365 2817 554 2907 decantha,
584 2817 762 2890 residuum
786 2844 865 2889 cum
892 2820 968 2916 pari

364 2918 524 3018 pondere
542 2924 681 3013 Aquae,
703 2915 800 3015 quod
817 2932 893 2989 erat
910 2917 970 2987 Ci-

364 3043 486 3091 nerum
503 3013 778 3105 clavellatorum,
796 3013 969 3109 distende,

363 3141 497 3213 sepone
523 3129 572 3195 et
612 3117 735 3186 iterum
772 3115 969 3210 Liquorem

366 3211 551 3312 limpidum
574 3210 744 3286 decantlra
796 3215 873 3283 lloc
893 3228 971 3282 ter-

366 3315 450 3383 tium
472 3310 540 3382 fiat.

415 3412 588 3508 Liquores
616 3411 754 3506 junctos
785 3411 818 3479 in
851 3412 969 3503 patina

348 3508 494 3580 sinensi
520 3506 576 3577 vel
603 3522 746 3578 stannea
766 3506 900 3579 calefac
924 3506 969 3578 ad

366 3605 630 3690 ebullitionem,
664 3604 810 3677 fervidis
841 3607 968 3678 sensim

365 3707 487 3803 injice,
532 3703 826 3777 effervescentiam
863 3720 970 3776 caute

366 3801 603 3891 moderando,

465 3904 643 3973 Cremonis
677 3902 811 3970 Tartari
848 3926 970 3999 quan-

565 4016 636 4069 tum
656 3998 752 4086 satiS,

366 4113 404 4167 ut
437 4095 556 4192 liquor
588 4095 751 4167 neutralis
781 4094 859 4185 fiat;
897 4112 969 4168 tum

366 4196 616 4289 evaporatione
634 4193 678 4264 ad
697 4198 825 4292 Syrnpi
842 4198 969 4293 spissi·
1022 4173 1083 4220 ¹¹⁰³*

366 4292 518 4364 tudinem
540 4290 670 4388 redige.
709 4296 778 4364 Stet
794 4319 858 4391 per
876 4319 968 4365 noc-

365 4409 445 4465 tem.
497 4388 643 4462 Aliunde
664 4397 785 4487 Aquae
806 4390 969 4463 destilla-

365 4507 421 4564 tae
437 4489 661 4563 sufficientem
678 4492 836 4585 copiam,
854 4505 890 4560 nt
906 4489 967 4559 fit-

365 4591 449 4662 trari
474 4589 584 4686 possit
613 4588 748 4685 liquor,
783 4602 855 4658 tum
878 4585 967 4658 filtra

365 4716 432 4786 per
462 4686 617 4766 chartam
641 4685 806 4759 bibulam
830 4683 967 4775 albam,

362 4792 540 4887 liquorem
574 4786 741 4861 filtratum
777 4787 810 4858 in
849 4788 965 4884 patina

1064 498 1190 569 sinensi
1208 494 1338 566 blanda
1355 498 1602 593 evaporatione
1624 494 1678 566 ad

1065 597 1195 667 siceum
1222 593 1362 690 redige,
1399 618 1550 667 massam
1577 619 1680 666 con-

1065 693 1249 791 globatam
1290 694 1325 762 in
1363 692 1480 764 locum
1517 690 1680 764 calidum

1065 816 1199 888 sepone
1233 817 1298 887 per
1328 788 1464 888 aliquot
1496 789 1588 879 dies,
1637 807 1681 861 ut

1065 889 1168 986 plane
1198 891 1384 975 sicceseat,
1418 904 1493 959 tum
1521 891 1555 959 in
1581 888 1681 986 pul-

1066 1013 1188 1059 verem
1217 986 1358 1083 redige,
1382 1012 1491 1083 quem
1514 1013 1579 1084 per
1596 989 1680 1057 cri-

1066 1085 1170 1156 brum
1188 1100 1365 1157 setaceurn
1387 1087 1516 1182 trajice.
1558 1085 1676 1159 Part.

1066 1194 1178 1258 cernat.
1209 1182 1310 1253 Aeidi
1338 1186 1488 1255 tartariei
1520 1182 1675 1280 anhydri

1068 1309 1195 1366 unum,
1212 1280 1293 1352 Kali
1309 1278 1379 1351 duo
1396 1279 1503 1379 pond.
1519 1285 1676 1355 Mixa.-

1071 1380 1158 1455 Ve's:
1176 1379 1316 1466 laxam,
1336 1377 1511 1452 diaretica.

1067 1484 1113 1540 sit
1127 1482 1226 1555 pulvis
1245 1482 1436 1555 albissimus,
1458 1483 1578 1540 omnino
1593 1500 1674 1541 nen-

1018 1571 1078 1638 tcr,
1101 1568 1138 1622 ab
1158 1562 1388 1635 inquinamentis
1405 1566 1565 1622 metallicis
1581 1582 1675 1638 pror-

1018 1665 1088 1719 sus,
1109 1646 1249 1703 ssalinis
1266 1651 1405 1717 quantum
1422 1647 1549 1703 obtineri
1564 1653 1676 1723 potest,

1017 1732 1101 1787 liber.
1156 1728 1278 1784 Ferrum
1307 1732 1336 1783 et
1368 1731 1512 1785 Stannnm
1541 1731 1674 1802 Liquere

1017 1810 1166 1868 Ammonii
1187 1808 1423 1884 hydrotlrioniei,
1444 1813 1574 1883 Capram
1594 1829 1677 1884 aqua

1018 1887 1246 1963 hydrotnionioa
1260 1897 1289 1947 et
1300 1893 1408 1948 baculo
1421 1895 1522 1951 ferreo
1535 1894 1674 1951 immerso

1018 1977 1220 2046 explorantur.
1276 1972 1346 2030 Kali
1379 1975 1525 2033 muriatici
1556 1992 1676 2048 semper

1019 2054 1131 2127 aliquid
1157 2057 1236 2112 inest
1258 2072 1277 2111 a
1300 2055 1459 2113 Cineribus
1487 2058 1674 2130 clarellatis,

1019 2152 1075 2195 neo
1094 2153 1152 2194 uon
1171 2135 1240 2194 Kali
1260 2136 1442 2212 sulphurici,
1468 2139 1556 2212 bajus
1572 2146 1672 2195 tamen

1019 2221 1114 2277 minor
1129 2220 1232 2292 copia,
1250 2221 1328 2290 qnod
1345 2221 1417 2276 vitio
1434 2236 1493 2278 non
1510 2226 1648 2281 vertatur.

1055 2297 1145 2346 Pauca
1161 2302 1265 2345 tantum
1285 2291 1319 2344 dc
1337 2296 1548 2363 praeparatione
1563 2292 1673 2348 Tartari

1019 2358 1168 2412 tar-tarisati
1183 2355 1430 2411 animadvertenda.
1458 2362 1556 2430 Agitur
1572 2358 1606 2413 de
1616 2359 1676 2412 sale

1021 2424 1054 2477 ad
1072 2442 1149 2477 usum
1168 2421 1354 2476 medicinalem
1370 2423 1537 2491 adhibendo,
1562 2442 1617 2478 nou
1639 2424 1677 2477 de

1020 2489 1100 2543 read
1117 2507 1195 2542 acum
1210 2488 1329 2541 ehcmiec
1346 2506 1425 2568 pura.
1458 2490 1529 2543 Sunt
1545 2490 1594 2559 qui
1611 2508 1677 2558 ery-

1021 2555 1225 2608 stallisationem
1244 2555 1351 2608 Tartara
1372 2554 1516 2607 tartarisati
1535 2570 1676 2606 commen·

1022 2621 1103 2687 alent3
1118 2622 1183 2675 baec
1196 2619 1275 2672 iaeile
1288 2620 1419 2685 eflicitur,
1434 2620 1455 2673 si
1470 2620 1564 2691 liquor
1579 2620 1607 2672 in
1623 2619 1677 2689 Sy·

1022 2687 1084 2766 rupi
1098 2686 1235 2759 spissioris
1247 2684 1442 2740 consistentiam
1463 2687 1677 2757 evaporaserit,

1022 2752 1112 2806 lixivia
1130 2752 1249 2823 denique
1266 2749 1518 2821 crystallisationem
1536 2762 1676 2805 recusant.

1022 2820 1095 2871 llaec
1115 2818 1281 2936 pleramque
1301 2815 1334 2869 ad
1350 2816 1453 2870 siccum
1473 2827 1675 2871 consumuntur

1022 2896 1050 2937 et
1081 2884 1178 2936 ceteris
1209 2901 1223 2935 a
1246 2884 1409 2949 miscentur,
1442 2882 1676 2954 crystallisationis

1022 2966 1089 3021 ergo
1107 2949 1278 3002 commodum
1299 2950 1415 3002 nullum.
1460 2956 1502 3003 An
1524 2966 1590 3002 vero
1610 2948 1675 3002 salia

1023 3015 1203 3087 laeterogeaea
1221 3016 1381 3085 praesertim
1395 3016 1619 3085 crystallisatione
1632 3031 1675 3065 ex·

1023 3081 1199 3134 cernuntur?
1216 3081 1339 3147 rninimc,
1356 3082 1460 3152 quippe
1476 3098 1549 3153 quac
1566 3082 1621 3154 ipsa
1636 3079 1674 3133 la·

1022 3147 1103 3200 cilius
1116 3146 1143 3198 in
1159 3148 1303 3217 crystallus
1318 3159 1425 3201 coeunt.

1062 3246 1277 3303 TARTARUS
1313 3245 1583 3303 VITRIOLATUS
1621 3246 1672 3303 vid.

1022 3322 1163 3371 Arcanum
1180 3317 1357 3389 duplicatum.

1062 3435 1270 3509 TARTRAS,
1295 3433 1487 3507 TARTRIS,
1518 3426 1675 3501 metantis:

1024 3517 1116 3586 sauttb
1138 3515 1225 3590 (belg,
1250 3520 1386 3576 Tartesia
1410 3520 1469 3574 vide
1487 3518 1594 3574 nomine
1610 3518 1675 3571 anti·

1022 3606 1078 3709 qua
1094 3589 1165 3641 vela
1182 3588 1240 3642 basi
1254 3588 1392 3653 derivata,
1410 3587 1480 3641 sicut
1495 3589 1608 3640 Tartras
1624 3584 1674 3636 aci·

1044 3654 1105 3707 ulus
1122 3659 1250 3709 Potassae
1266 3682 1298 3705 =
1320 3656 1437 3707 Cremor
1457 3651 1584 3716 Tartari,
1609 3651 1673 3702 Tar·

1025 3734 1081 3776 tras
1095 3721 1199 3773 lsalieus
1212 3747 1244 3770 =
1257 3723 1390 3774 Tartarus
1405 3720 1594 3781 tartarisatua,
1611 3716 1675 3768 Tar·

1023 3799 1081 3842 tras
1100 3786 1189 3841 Sodae
1212 3797 1238 3841 et
1261 3787 1322 3839 nati
1344 3813 1377 3836 =
1399 3786 1448 3839 Sal
1473 3785 1674 3860 polychrestam

1022 3856 1191 3919 Saronsrrs,
1213 3855 1327 3907 Tartras
1342 3855 1469 3906 Potassae
1487 3851 1674 3904 antimomatus

1022 3948 1055 3971 =
1071 3921 1205 3973 Tartarus
1220 3919 1364 3985 emetieus,
1382 3928 1475 3970 cetera
1488 3915 1620 3969 similiter.

1054 4019 1137 4065 TELA
1155 4016 1341 4064 seooortca
1359 4012 1408 4061 vid.
1422 4012 1567 4076 sparadrap.

1055 4110 1139 4156 TELA
1164 4107 1339 4157 (instruant
1367 4102 1417 4151 aid.
1439 4103 1619 4166 Sparadrapaaa
1644 4096 1676 4146 al·

1054 4209 1134 4301 ‘reta
1176 4251 1450 4301 tcarttt'ocosuaa
1490 4247 1676 4297 coartatas

1021 4318 1070 4367 rid.
1089 4317 1257 4383 Emplastram
1275 4316 1411 4383 anglicum.

1053 4427 1135 4473 rata
1153 4425 1321 4473 saNltaTts
1339 4425 1397 4472 on.
1414 4425 1497 4472 zise.
1529 4416 1610 4477 fliee’s
1627 4413 1676 4470 Oe

1262 4485 1443 4551 luntbeitttciit.

1055 4559 1110 4605 llee.
1123 4554 1166 4603 Ol.
1179 4557 1283 4604 Succini
1294 4557 1365 4605 crud.
1378 4552 1542 4613 blacernis,
1556 4548 1676 4614 cample·

1022 4641 1078 4685 rae,
1094 4622 1177 4671 Tinct.
1191 4622 1309 4670 Canthar.
1325 4626 1349 4675 ἶ.
1364 4625 1421 4670 Uvae
1443 4622 1519 4675 duas,
1545 4617 1584 4664 bis
1601 4616 1628 4663 in
1645 4627 1677 4665 ta·

1022 4689 1070 4737 lam
1085 4689 1202 4737 sericeam
1215 4688 1303 4747 illine,
1319 4700 1373 4735 tum
1388 4686 1515 4751 saperliae
1528 4684 1567 4731 bis
1579 4681 1675 4746 liqaora

1022 4756 1103 4803 colato
1121 4771 1150 4801 ex
1166 4754 1304 4819 digestione
1326 4752 1395 4800 eutr.
1417 4750 1592 4800 cantharidum
1613 4749 1674 4796 Une.

1021 4822 1094 4870 semis
1105 4821 1250 4871 atvernieis
1258 4818 1314 4870 otei
1327 4819 1383 4867 bini
1398 4822 1461 4869 Une.
1472 4826 1581 4882 quatuor
1591 4832 1598 4872 ς
1610 4815 1674 4862 tlaai·
1702 4818 1704 4822 '
