3550 5417
210 345 457 455 'uo

291 545 415 656 capaci
428 569 531 628 caute
545 549 598 626 ad,
614 551 826 628 ebullitiouis
846 577 944 651 pun-

291 671 387 727 ctum
410 676 541 750 usque,
563 666 644 724 tunc
660 649 843 749 adjiciatur
856 675 944 724 sen-

290 755 358 826 sim
372 749 620 849 Lithargymm
629 752 720 822 inter
732 766 943 852 perpetuam

289 851 537 949 agitationem,
560 847 801 949 inspergenda
832 852 945 924 inter-

290 943 380 1021 durn
404 945 597 1046 pauxillum
626 951 753 1044 Aquae
785 945 944 1036 calidae,

288 1073 334 1120 ne
351 1043 540 1119 humidum
557 1041 703 1117 deficiat
729 1047 854 1143 Coque
869 1043 945 1117 do-

288 1169 356 1220 nec
383 1141 630 1240 Lithargymm
661 1147 805 1216 omnino
836 1142 963 1215 solu-·

288 1259 365 1357 tum
383 1240 506 1326 fuerit,
525 1266 598 1340 quo
617 1239 711 1316 facto
724 1242 854 1315 sensim
870 1240 943 1313 ad-

288 1364 400 1413 misce

338 1439 564 1522 cerussae
580 1439 752 1537 genuinae
764 1435 944 1510 inlamel-

287 1533 350 1626 lit,
367 1517 594 1610 sublilissime
610 1535 834 1637 pulveratae,
857 1538 944 1607 Li-

287 1633 942 1754 brasseptem,etooque‚dquam

288 1731 441 1806 calidam
470 1732 643 1806 interdum
660 1733 827 1807 instillare
852 1757 942 1832 per-

287 1856 396 1930 gens,
443 1831 558 1906 donec
599 1833 831 1933 emplastrum
860 1831 943 1903 fac-

288 1946 361 2003 tum
375 1932 426 2004 sit
458 1930 795 2029 Semirefrigeratum
815 1933 849 2002 in
868 1930 943 2001 ba-

288 2027 391 2101 oulos
423 2044 546 2102 tenues
580 2043 844 2126 contorquetur,

286 2127 323 2199 iu
341 2126 424 2198 loco
443 2125 573 2226 frigido
592 2142 822 2200 asservantur.

312 2277 315 2288 .
335 2224 577 2323 Emplastrum
593 2224 726 2312 album,
743 2222 941 2323 aequabile,

314 2339 370 2396 ost
381 2338 520 2423 tempus
533 2321 669 2419 aliquot
680 2347 833 2425 snpeme
845 2321 942 2395 snb-

285 2345 497 2508 durescens,
540 2418 752 2521 insipidum,
801 2422 838 2492 in
870 2421 941 2493 fri-

287 2544 377 2617 gore
404 2518 549 2617 fragile,
582 2518 702 2592 calore
733 2516 853 2592 medio
880 2535 941 2592 te-

287 2642 377 2707 nax,
411 2619 460 2690 ita
502 2632 540 2688 ut
573 2614 687 2718 digitis
728 2615 939 2690 humectatis

286 2716 427 2788 mactari
452 2717 573 2813 possit.
610 2715 739 2789 Calore
759 2732 863 2788 aucto
887 2714 940 2787 li-

287 2837 474 2912 quescens,
492 2818 652 2887 colorem
670 2812 774 2887 facile
788 2814 939 2887 subfus-

239 2973 242 2982 .
285 2937 366 2985 com
400 2910 587 2987 attrahens.
636 2910 731 2986 Oleis
769 2912 938 3003 solvitur,

284 3036 357 3084 nou
377 3037 478 3111 aqua,
512 3014 652 3088 Partes
666 3018 939 3085 constituentes:

286 3109 481 3184 Plumbum
516 3109 709 3208 oxydatum
736 3109 940 3185 suboleini-

285 3234 367 3282 cum
399 3227 434 3283 et
457 3212 746 3311 margarinicum,
778 3212 936 3282 immixto

284 3307 436 3403 pauxillo
448 3311 619 3381 Cerussae
637 3333 708 3381 uon
729 3307 874 3381 solutae.
887 3350 936 3364 -

288 3410 370 3478 Via:
412 3409 566 3502 siccans,
599 3422 821 3504 temperans,
855 3405 937 3477 dis-

284 3507 424 3580 ondens.

325 3619 534 3699 Emplastrum
561 3618 736 3692 sordidum,
771 3616 935 3697 adustum,

243 3737 248 3744 ·
284 3712 337 3764 aut
363 3701 512 3783 temporis
538 3703 624 3784 lapsu
654 3701 744 3763 nimis
770 3702 882 3763 durum
902 3715 935 3764 et

282 3783 414 3863 fragile,
435 3804 494 3845 nec
512 3785 612 3847 minus
631 3785 773 3847 nonsatis
792 3797 934 3865 coctum,

281 3865 399 3946 digitos
418 3865 509 3929 facile
522 3869 697 3953 inquinans,
718 3889 848 3951 aquam,
874 3890 935 3953 qna

281 3949 418 4024 lavatur,
450 3951 619 4014 sedimento
645 3950 747 4013 albida
777 3950 934 4013 turbidam

282 4028 414 4104 faciens,
444 4029 543 4092 odoro
572 4034 694 4114 ingrato
723 4032 774 4095 vel
805 4034 933 4097 rancido

279 4110 453 4195 praeditum
475 4126 685 4176 removeatur.

326 4215 419 4275 Usus:
440 4209 552 4271 Linteo
571 4210 713 4271 illinitum
735 4211 933 4289 tumoribus,

280 4292 427 4354 ambustis
446 4290 587 4371 partibus
604 4303 665 4353 cet
686 4294 862 4374 imponitur.

312 4390 526 4452 Pharmsoopoeae
548 4389 605 4437 satis
625 4391 652 4438 iu
673 4392 784 4455 parando
807 4390 856 4439 hoo
875 4393 933 4440 Em·

297 4455 374 4505 lastro
383 4456 534 4516 discrepant.
553 4451 930 4507 Pnesuumd’hmoruss.

279 4472 433 4580 locust-ss,
450 4537 510 4586 prae
526 4521 616 4570 esuris
628 4531 655 4569 et
669 4523 809 4585 ponderum
826 4523 933 4572 rationi·

278 4589 327 4639 lssss
341 4590 479 4655 insignem,
497 4598 521 4636 et
532 4588 636 4650 eoquod
655 4588 785 4651 emplastri
803 4587 933 4638 formatio·

878 2055 943 2126 qul

613 367 932 446 anquisitum
951 371 1111 445 ALBUM
1134 375 1326 449 COCTUM

995 551 1096 606 facilius
1119 557 1272 609 detrimento
1294 556 1434 622 obnoxiae,
1453 555 1574 606 allidunt„
1607 557 1648 606 nt·

994 618 1139 692 thargyrnm
1160 624 1251 673 esitare
1273 626 1399 692 studiosus
1419 626 1555 689 prudenter
1577 626 1646 691 agia,

993 685 1013 731 si
1031 688 1143 738 cerussae
1156 690 1245 739 Libras
1260 691 1368 739 sedecim
1380 706 1439 739 cum
1446 689 1503 740 Olei
1512 688 1645 740 mnarum

993 751 1076 801 Libris
1083 769 1343 820 nosem,esveusqnae
1350 755 1646 823 supraindicarimuqco·

993 820 1093 931 quando
1107 819 1203 884 junges.
1221 823 1285 870 Cum
1298 824 1344 870 isac
1356 822 1476 871 methodo
1486 815 1542 868 Ph.
1551 817 1645 872 Hess-

1025 879 1043 933 1.
1064 888 1228 951 congruii.—
1241 882 1295 934 Ph.
1306 883 1466 936 Bavario.
1485 899 1511 936 et
1525 881 1645 937 Saron.

992 953 1023 999 ad
1033 963 1108 1000 unam
1121 952 1181 1001 Olei
1191 951 1324 1001 olivarum
1341 966 1437 1018 partem
1452 955 1514 1003 duas
1530 956 1647 1004 Geram

992 1018 1213 1080 praescribunt-
1222 1013 1324 1067 Gneus
1340 1023 1370 1068 sd
1388 1031 1435 1069 tres
1448 1019 1646 1070 OleiOlisarnm

992 1080 1648 1203 ti‘tttttitmtttffltlitittt'tl

991 1167 1308 1263 sisterico-Holsapt
1330 1184 1473 1275 tolmatio,
1501 1229 1560 1266 cam
1581 1218 1645 1280 ills,

993 1293 1066 1340 qnam
1081 1280 1157 1327 modo
1171 1280 1197 1326 in
1216 1281 1379 1329 adnotatione
1411 1283 1573 1347 necopinus,
1586 1297 1646 1333 eon·

992 1355 1103 1406 gruunt,
1121 1344 1169 1394 nisi
1188 1347 1256 1409 qnod
1272 1347 1360 1410 copiae
1373 1297 1439 1395 illue
1449 1347 1648 1413 designatae&-

992 1425 1034 1457 rse
1049 1410 1119 1458 albae
1137 1410 1224 1460 Libras
1238 1413 1297 1460 duas
1318 1411 1495 1476 liquefactione
1511 1414 1645 1464 admisceri

991 1473 1096 1538 jubent,
1120 1470 1217 1542 Disp.
1235 1472 1390 1544 Lippieo.
1405 1489 1489 1528 sutem
1513 1480 1589 1528 Gerae
1604 1481 1646 1530 Li·

992 1541 1063 1588 bram
1083 1557 1158 1590 uuam
1172 1546 1357 1593 tantummodo.
1371 1537 1467 1590 -Pln
1489 1539 1644 1594 Hannon.

991 1607 1099 1672 Litisrq.
1112 1609 1183 1657 Libr.
1201 1610 1273 1669 duas,
1289 1610 1333 1658 Ol.
1345 1611 1440 1659 Olisas.
1451 1610 1521 1658 Libr.
1531 1627 1572 1659 sex
1582 1627 1644 1661 caus

991 1673 1117 1735 dimidio,
1133 1685 1160 1724 et
1175 1676 1293 1723 Genuam
1304 1677 1373 1725 Libr.
1389 1691 1430 1725 sex
1448 1674 1571 1724 hstec-
1585 1670 1641 1727 Ph.

991 1732 1165 1789 Persaeus.
1182 1744 1279 1791 Gerasa.
1294 1754 1319 1790 et
1332 1742 1374 1791 01.
1390 1742 1522 1792 olivarnm
1533 1744 1560 1796 Γ.
1572 1744 1641 1794 titi.

991 1805 1068 1866 duas,
1086 1806 1229 1873 Lithargyri
1246 1819 1331 1856 autem
1350 1808 1419 1856 Libe.
1436 1822 1511 1857 unam
1528 1812 1644 1873 praeseri·

991 1868 1241 1922 bie-Faunum
1256 1868 1398 1922 es'l'auuss
1406 1876 1517 1933 cerusa,
1533 1875 1578 1927 Ol.
1587 1876 1643 1926 oli·

990 1951 1040 1984 var.
1054 1949 1080 1987 et
1095 1941 1166 1987 acesi
1178 1941 1230 1988 alb.
1247 1939 1273 1992 ss
1289 1941 1358 1989 Libr.
1380 1955 1457 1988 unam
1481 1955 1541 1989 cuus
1557 1943 1643 2008 Empl.

933 2029 941 2045 .
991 2003 1115 2068 Diachylo
1127 2005 1211 2069 simpl.
1225 2015 1251 2052 et
1265 2007 1361 2056 Cernes.
1373 2005 1424 2054 alb.
1439 2006 1464 2058 ι’.
1476 2007 1539 2060 [luc.
1556 2023 1598 2057 sex
1611 2010 1641 2059 in

991 2069 1074 2133 Empl.
1088 2071 1168 2133 redigi
1181 2088 1227 2136 pro
1246 2064 1437 2121 onnus-Ph.
1449 2066 1643 2137 Bruttio„

991 2127 1045 2182 Ph.
1063 2129 1166 2184 Putat.
1182 2147 1208 2186 et
1223 2087 1427 2186 illitorum:
1453 2140 1550 2188 Ceruss.
1569 2142 1639 2192 Libr.

992 2215 1067 2247 anani
1080 2212 1106 2251 et
1118 2202 1193 2251 sensis
1206 2219 1266 2252 eum
1284 2203 1327 2252 Ol.
1343 2203 1440 2252 Olirar.
1458 2205 1527 2253 Libr.
1542 2206 1641 2257 duabus

990 2275 1016 2313 et
1030 2283 1048 2315 s.
1057 2284 1081 2330 q.
1093 2277 1140 2331 Aq.
1150 2270 1180 2317 ad
1191 2270 1281 2331 justam
1289 2269 1476 2318 consistentiam
1485 2270 1570 2333 coqui,
1579 2282 1640 2320 tuno

989 2330 1049 2381 addi
1083 2335 1235 2383 raoscrilsunt
1249 2336 1325 2383 Cerae
1337 2334 1388 2384 alb.
1404 2337 1468 2384 Une.
1485 2345 1639 2398 quatuor.-

989 2389 1045 2446 Plr.
1063 2350 1186 2447 ltanie.
1204 2413 1229 2449 es
1246 2393 1434 2467 Herbipol.
1451 2401 1549 2451 cernas.
1566 2402 1636 2453 Libr.

990 2476 1114 2527 quatuor,
1130 2465 1173 2514 01.
1188 2467 1282 2515 Olivar.
1295 2466 1362 2513 Libr.
1375 2468 1435 2516 duss
1449 2478 1473 2515 et
1485 2467 1560 2516 Gerae
1572 2470 1637 2518 Uno.

988 2545 1029 2577 ses
1043 2532 1244 2596 praescribit-
1261 2526 1356 2597 Disp.
1370 2528 1394 2579 F
1400 2524 1467 2580 uid.
1486 2531 1531 2581 01.
1543 2533 1639 2583 Glisas.

988 2595 1060 2644 Libr.
1077 2599 1138 2646 dass
1154 2609 1180 2646 et
1190 2599 1278 2656 semis,
1294 2599 1325 2646 ad
1341 2613 1421 2660 aquae
1435 2599 1638 2649 consumtioueur
1690 2641 1693 2646 ,

988 2660 1015 2708 in
1024 2676 1053 2710 eo
1061 2674 1191 2712 contentae
1205 2665 1238 2722 (i)
1248 2665 1333 2727 coqui,
1347 2673 1407 2714 tuuc
1420 2662 1481 2711 solvi
1493 2666 1639 2725 praescribit

988 2727 1065 2775 Gerae
1080 2729 1130 2776 alb.
1146 2731 1208 2776 Une.
1227 2740 1290 2788 tres,
1310 2739 1366 2790 post
1385 2729 1462 2777 Gerae
1483 2728 1638 2780 solutionem

987 2792 1019 2838 als
1032 2794 1089 2857 igue
1102 2795 1237 2851 removeri,
1253 2804 1279 2841 et
1291 2791 1417 2841 miscellae
1431 2792 1514 2841 adlsne
1528 2793 1639 2845 fervidae

987 2858 1032 2904 sub
1047 2870 1163 2923 perpetua
1179 2860 1315 2924 agitatione
1332 2859 1423 2906 sensim
1442 2858 1575 2907 admisceri
1595 2864 1638 2909 ce·

988 2939 1048 2972 rusa.
1061 2925 1149 2988 parias.
1164 2923 1274 2974 alcolrul.
1289 2926 1359 2973 Libr.
1374 2934 1436 2984 tres,
1452 2927 1515 2974 bene
1527 2928 1638 2976 carendo

988 3005 1019 3037 ne
1031 2992 1134 3039 Cerussa
1147 2992 1256 3055 inspersa
1270 3007 1346 3039 massa
1360 2991 1469 3039 nimium
1479 2990 1637 3054 sublevetur-3

987 3055 1109 3105 mixtione
1122 3058 1184 3105 bene
1197 3068 1293 3121 peracta
1305 3055 1475 3120 Emplastrnm
1492 3059 1638 3108 confestum

986 3132 1030 3170 est.
1040 3149 1071 3159 -
1080 3117 1134 3171 Ph.
1151 3117 1272 3171 Polou.
1288 3126 1383 3174 Gerou-
1393 3124 1464 3174 Libr.
1477 3139 1565 3172 uorem
1578 3139 1638 3174 eum

985 3191 1084 3253 Axuug.
1099 3189 1173 3238 Porci
1190 3191 1259 3239 Libr.
1273 3207 1313 3238 sex
1328 3202 1354 3239 et
1369 3208 1388 3240 s.
1402 3209 1426 3256 q.
1442 3193 1528 3255 Aquae
1544 3190 1561 3238 l.
1577 3207 1598 3239 a.
1608 3192 1637 3239 in

985 3253 1156 3317 Emplastrum
1173 3257 1252 3321 redigi
1275 3256 1353 3319 jubet.
1372 3284 1404 3293 —-
1421 3251 1486 3305 Vnt
1506 3251 1589 3306 Mons
1605 3258 1637 3306 ad

985 3330 1205 3381 EMPLASTRUM
1223 3333 1337 3380 ALBUM
1355 3333 1492 3381 COCTUM
1503 3333 1598 3380 Caernss.
1611 3343 1638 3382 et

985 3395 1041 3442 Cer.
1063 3394 1114 3443 alls.
1134 3398 1161 3449 ,ἶ
1183 3399 1248 3446 Part.
1271 3415 1365 3454 unam,
1389 3396 1534 3462 Lithargyri
1553 3399 1638 3446 Partes

985 3459 1046 3508 duas
1060 3472 1086 3509 et
1099 3461 1142 3510 01.
1150 3461 1244 3510 Olim.
1260 3463 1320 3511 Part
1340 3473 1449 3526 quatuos
1460 3479 1482 3509 e.
1494 3479 1513 3510 s.
1524 3482 1548 3526 q.
1558 3480 1639 3526 equae

986 3522 1003 3572 l.
1021 3542 1044 3573 a.
1061 3527 1092 3574 ad
1109 3528 1295 3577 consistentiam
1318 3530 1412 3590 coqui,
1429 3555 1462 3566 —
1483 3529 1514 3575 ad
1537 3529 1638 3579 EMPL.

985 3592 1150 3643 GERUSSAE
1162 3604 1244 3642 antem
1256 3594 1417 3642 solummodo
1428 3595 1545 3643 Gerusm
1559 3606 1584 3643 et
1592 3595 1636 3642 01.

985 3656 1081 3707 Olirar.
1105 3687 1131 3714 u
1151 3663 1215 3710 Part.
1235 3660 1331 3723 aequal.
1354 3660 1509 3723 praeseribit.
1531 3688 1563 3698 -
1582 3654 1638 3709 Ph.

985 3716 1122 3775 Sardoa
1135 3740 1245 3777 octavam
1259 3729 1335 3775 Cerae
1344 3726 1416 3775 albae
1428 3737 1525 3790 partem
1536 3727 1637 3789 insuper

984 3792 1044 3841 addi
1058 3790 1175 3854 jubet.—
1187 3787 1338 3842 Swttnsaoss
1351 3793 1448 3840 Ceruss.
1460 3795 1525 3842 Part.
1543 3804 1637 3848 uuam,

984 3856 1029 3906 01.
1047 3857 1144 3910 Olisar.
1156 3862 1223 3908 Part.
1238 3859 1372 3908 duodecim
1385 3868 1412 3906 et
1424 3855 1559 3906 Ceraealb.
1569 3855 1635 3901 Part.

985 3943 1033 3980 tres
1044 3934 1063 3979 l.
1078 3949 1100 3980 a.
1115 3935 1215 3983 misceri
1237 3932 1362 3996 proponit.
1379 3963 1410 3973 -
1431 3924 1490 3977 Ph.
1508 3919 1635 3976 slent.-

985 3991 1120 4046 Holsat
1137 3999 1221 4064 Empl.
1242 3997 1358 4046 Cerastae
1377 3995 1457 4046 etiam
1475 3994 1512 4040 sia
1529 3991 1636 4041 humida

984 4063 1068 4127 parari
1083 4067 1206 4113 concedit.
1233 4063 1335 4126 Saponis
1345 4060 1453 4118 Veneti,
1470 4074 1500 4105 ex
1515 4055 1578 4105 Oleo
1596 4073 1639 4121 pa.

984 4130 1049 4188 rati,
1066 4129 1160 4175 Unciae
1177 4144 1217 4175 sex
1233 4125 1260 4172 in
1276 4131 1326 4189 Aq,
1339 4124 1431 4173 destill.
1452 4127 1516 4171 Une.
1532 4122 1636 4189 triginta

983 4193 1128 4252 solvantur,
1150 4203 1176 4240 et
1188 4192 1296 4239 addatur
1315 4189 1410 4238 solutio
1429 4189 1531 4238 Plumlsi
1545 4189 1636 4240 sortiti

983 4274 1012 4305 ex
1028 4259 1093 4305 Une.
1119 4259 1199 4306 tribus
1221 4268 1246 4303 et
1267 4255 1373 4304 dimidia
1395 4271 1453 4304 cum
1472 4260 1556 4320 Aquae
1572 4257 1635 4306 dest.

983 4323 1048 4371 Une.
1062 4339 1148 4370 noveru
1159 4333 1253 4388 parata.
1269 4324 1442 4370 Sedimentnm
1452 4323 1580 4386 copiosum
1591 4320 1637 4370 ali·

984 4388 1080 4452 qnotics
1095 4405 1157 4501 aqua
1178 4389 1293 4436 ablutum
1316 4388 1368 4454 lege
1381 4389 1441 4437 artis
1455 4387 1594 4438 malaxatus·
1609 4399 1636 4438 et

983 4456 1011 4502 iu
1024 4455 1113 4518 magde
1126 4471 1198 4502 eones
1220 4456 1353 4503 formetur.
1382 4455 1437 4501 Hoc
1459 4453 1560 4516 quidem
1584 4469 1636 4501 em·

982 4520 1107 4585 plastrum
1127 4522 1211 4586 potina
1231 4520 1402 4584 Emplastrnm
1418 4518 1534 4585 Diaelsyl.
1550 4519 1637 4586 simpl.

983 4588 1215 4644 denominandam,
1241 4584 1327 4633 colore
1346 4585 1493 4633 candidiore
1519 4585 1636 4650 insigne,

279 4651 659 4719 neus,Liilrargyriadmiuiculo
669 4669 818 4720 magnopere
828 4655 932 4719 lautam,
983 4669 1059 4716 quarn
1075 4671 1121 4719 pro
1137 4652 1222 4716 Empl.
1238 4651 1288 4701 alb.
1299 4662 1373 4700 cocto
1389 4650 1541 4712 habendum,
1551 4667 1635 4717 quum

279 4723 412 4772 eudomm
430 4719 622 4783 facilioremque
637 4721 727 4769 reddit.
753 4719 840 4769 Plures
860 4721 932 4770 Phar·
983 4721 1113 4769 Cerussam
1127 4719 1352 4784 indecomposisam
1370 4733 1421 4766 non
1436 4717 1572 4768 contiueat.
1589 4721 1634 4767 Fa·

280 4785 932 4921 natatili-‘stet‘mailletii
983 4784 1584 4916 {limittittttttlffi'ttttitttt
1593 4782 1635 4914 ἓῖἶ
