3550 5417
211 329 402 402 usuwsl
424 327 766 404 wmunawn
793 369 839 386 -·
854 330 1084 404 numnis
1106 331 1341 405 admonitii
1389 331 1465 410 m

129 515 131 528 “
162 532 230 583 neo
260 533 351 607 uque
381 505 518 581 fervida
547 507 762 581 circumdata

163 605 344 682 calefacto.
400 607 534 704 Excipe
565 608 600 679 iu
637 606 762 704 ingena

164 708 283 779 vitreu
325 710 408 779 Post
424 702 650 777 filtratiunem
668 703 763 777 udde

208 805 358 901 Spiritus
405 802 493 875 Salis
547 807 762 877 Ammoniaci

283 903 429 975 caustici
447 902 592 973 Uuoiam
610 927 730 990 uuum,

164 997 393 1076 concutiendo
413 1004 540 1089 misce,
560 1015 632 1071 tum
652 1002 686 1072 in
702 999 763 1074 la-

163 1097 308 1199 genuino
340 1096 521 1195 amplioris
553 1096 696 1187 orifieii,
728 1113 765 1170 ut

163 1199 272 1271 moris
284 1212 353 1285 eet,
368 1194 549 1285 distribue,
565 1221 659 1294 quae
672 1195 764 1270 lente.

157 1295 763 1394 refrigescantepistosnioimpnsito.

195 1439 242 1497 lic
267 1436 401 1510 parando
427 1435 566 1494 Balssmo
592 1436 764 1508 opodstdoo

114 1521 227 1595 aliquid
243 1520 435 1578 disseramus.
468 1520 673 1576 consistentia
688 1521 763 1575 ltal-

115 1605 189 1662 serni
214 1603 322 1674 pendet
345 1604 503 1672 asapone
527 1600 688 1659 steariuico
714 1602 763 1657 vel

114 1684 325 1759 margariuioo.
366 1685 492 1740 Paratur
515 1685 596 1756 Sapo
618 1683 763 1740 stesrini-

115 1782 170 1825 cus
188 1780 280 1838 purus
296 1762 440 1821 eonido
454 1764 614 1822 stesrinieo
633 1764 663 1821 in
678 1781 763 1821 oom-

115 1848 224 1905 mercio
254 1844 407 1902 mercabili
438 1849 467 1903 et
497 1845 615 1904 ntxtvto
649 1848 763 1903 natrioo

116 1944 198 2002 puro.
240 1926 338 1999 liujus
355 1929 501 2003 saponis,
519 1928 659 1985 salitione
672 1941 763 2001 sepe-

115 2011 171 2072 sita
183 2009 335 2082 deputati,
353 2014 383 2067 et
398 2011 515 2082 penitus
529 2011 675 2069 exsiccati
690 2026 763 2083 pur-

115 2094 268 2151 tlnuculae
291 2091 429 2150 minimae
451 2090 592 2164 Spiritum
615 2093 686 2150 vtni
711 2097 763 2150 ta-

116 2172 198 2232 clunt
216 2175 439 2249 congelescere.
480 2172 628 2231 llrochnra
649 2190 711 2231 uns
734 2175 763 2233 in

85 2298 90 2306 ·
116 2257 248 2329 Spiritus
279 2256 350 2314 Vini
384 2254 626 2315 rectillcotissimi
660 2257 764 2316 Unciis

115 2338 210 2397 tribus
226 2339 262 2413 (1
276 2335 353 2411 eil)
374 2341 474 2397 soluts
491 2339 571 2396 huno
588 2337 663 2396 lacit
683 2338 765 2396 coire

116 2420 147 2478 in
176 2420 340 2494 palatinam
370 2420 764 2494 opalesoenil-pellucidasa

116 2502 193 2559 satis
211 2501 323 2559 durem.
366 2503 398 2560 Si
414 2502 544 2574 spiritus
558 2504 672 2562 Unctae
688 2503 765 2560 duae

117 2583 153 2659 (1
169 2584 246 2656 216)
266 2590 437 2657 sumuntur,
457 2586 593 2658 gelatina
612 2586 766 2643 albescere

116 2671 148 2722 et
176 2665 364 2738 lupellus-ida
387 2668 450 2725 lleri
475 2666 595 2739 iucipit;
622 2666 647 2724 si
670 2667 766 2726 Uncis

116 2762 177 2803 una
194 2754 224 2803 et
242 2749 333 2805 semis
350 2749 469 2823 (1:12)
492 2749 617 2807 sumitur
631 2748 765 2822 pristina

119 2826 207 2885 nimis
232 2829 397 2886 dittloulter
419 2829 447 2887 in
472 2837 567 2888 entem
591 2830 698 2889 illinita
724 2831 766 2887 ll-

118 2916 242 2983 quatur,
259 2916 289 2967 et
305 2913 469 2982 particulae
483 2914 616 2973 lubricae
632 2913 761 2985 perdun-

116 2998 173 3048 tur.
214 2992 387 3064 (ipodeldoo
402 3010 441 3050 ex
457 2996 601 3067 lageuula
620 3002 765 3052 exenium

119 3078 149 3130 et
166 3073 243 3130 inter
256 3076 372 3147 palmas
389 3076 529 3132 tricatura
548 3079 607 3134 cito
621 3076 767 3147 liquescat

119 3162 253 3229 oportet,
281 3156 312 3213 ln
342 3162 437 3215 cutem
460 3157 629 3215 intricatum
648 3159 766 3232 penitus

119 3244 282 3302 evanescet
296 3255 351 3296 uec
365 3239 487 3310 seponis
502 3245 633 3297 crustam
648 3240 765 3297 nimiam

118 3322 274 3392 relinquat.
332 3323 400 3379 Non
433 3322 509 3379 enim
538 3322 642 3395 saponi
672 3321 767 3377 virtus

120 3401 283 3461 discutiens
300 3409 330 3459 et
349 3403 593 3462 entirlrousuatioa
615 3402 766 3476 tribuitur,

119 3485 173 3540 sed
197 3486 320 3557 spiritui
338 3486 420 3544 Salis
442 3486 646 3559 Ammoniaci,
674 3486 767 3544 Cam-

119 3565 231 3638 phoras
254 3574 283 3624 et
297 3567 380 3625 oleis
399 3567 555 3626 aethereis.
604 3571 685 3640 Sspo
710 3585 767 3624 ve-

119 3646 252 3707 hiculum
274 3654 387 3707 iaatuss
411 3660 476 3724 est,
505 3667 560 3709 neo
582 3651 768 3710 incommoda

119 3731 179 3788 alia
197 3745 297 3789 senum
316 3734 427 3789 aderat

161 3831 257 3886 Extra
270 3829 389 3887 dutinus
404 3835 465 3902 est,
484 3834 585 3887 uetere
600 3846 678 3903 qnae
693 3832 768 3888 lisl-

120 3926 204 3970 samo
225 3911 396 3983 (ipodeldoc
414 3909 533 3985 insunt,
560 3913 680 3984 Sepone
701 3929 768 3970 om-

122 3993 192 4052 nino
209 4008 387 4067 suppresso,
417 3993 521 4050 iisdeas
544 3996 678 4064 gaudere
703 3995 768 4052 vir-

120 4075 246 4150 tutibus,
263 4092 349 4149 quam
365 4078 486 4148 Sapous
501 4074 611 4134 additu.
638 4080 681 4134 At
696 4091 768 4133 xero

120 4158 314 4216 consistentia
331 4157 486 4234 gelatinae
503 4160 655 4216 commoda
670 4175 767 4231 quse-

121 4238 187 4296 dam
206 4246 329 4298 externa
347 4256 448 4297 secum
466 4243 542 4312 reri,
565 4241 768 4310 evaporatioui

121 4330 335 4393 praecavetur,
357 4323 528 4379 Balsamum
545 4320 575 4380 in
593 4324 767 4381 commercio

122 4402 294 4472 quotidiano
316 4403 459 4463 facillime
476 4404 542 4462 siue
558 4422 650 4474 vase,
664 4407 768 4463 citaris

121 4486 232 4540 tanturn
242 4484 414 4556 involutum,
422 4487 569 4558 asportari
578 4487 768 4560 poteritne·

124 4580 211 4620 uuum
222 4566 324 4623 calore
341 4570 503 4629 emollitum
518 4585 576 4627 nou
587 4570 663 4627 adeo
680 4577 768 4626 tenue

122 4647 154 4704 iit
172 4649 201 4700 et
220 4661 238 4700 s
256 4649 390 4706 manibus
406 4653 515 4710 defluit.
543 4653 628 4722 Ergo
644 4651 767 4722 incon-

122 4728 272 4786 einnnnsis
289 4732 415 4789 turmula
432 4736 560 4794 studium
574 4736 646 4802 tuit,
667 4735 767 4805 Sapo-

122 4827 188 4870 uem
206 4809 385 4884 diminuere,
416 4823 516 4886 partes
533 4833 605 4875 nero
626 4818 767 4875 ettlosoes

811 527 935 588 sugere.
956 515 1038 585 sepo
1050 512 1208 584 caminus
1223 515 1260 572 sd
1274 515 1354 572 nans
1368 528 1462 588 prse-

811 595 994 667 parationem
1011 596 1265 653 commodissimus
1280 601 1344 668 est3
1366 597 1462 654 tacil-

812 677 881 734 linse
895 676 1086 750 dissolvitur,
1108 675 1280 749 opodeldoc
1297 677 1376 735 inter
1393 695 1461 734 ms-

755 805 762 818 .
812 774 869 816 uss
902 757 961 816 cito
999 760 1149 833 liquatur,
1188 760 1238 817 diu
1275 765 1460 817 asservatum

812 842 976 898 asteriscus
989 857 1047 898 non
1060 847 1211 914 monstret,
1227 846 1381 915 praeterea
1399 855 1461 912 ge·

811 921 934 980 iatiuam
968 924 1147 995 pellucidam
1185 924 1296 981 claram
1330 922 1461 980 exhibet.

812 1003 918 1075 Opinio
939 1005 1000 1063 late
1024 1012 1168 1080 vagetur,
1197 1005 1369 1077 Opodeldoo
1388 1001 1462 1075 spi·

812 1086 870 1143 ritu
893 1085 1018 1144 fortiore
1041 1093 1176 1159 paratum
1197 1088 1261 1146 deri
1284 1085 1462 1160 pellucidiua

811 1181 899 1240 quam
910 1169 1022 1242 Spiritu
1037 1168 1190 1229 debiliore.
1230 1173 1297 1227 lloo
1310 1171 1463 1241 suamne

811 1250 918 1308 audeo.
958 1249 1179 1322 Experimentis
1199 1251 1300 1310 multis
1323 1262 1462 1321 comper-

812 1336 873 1388 tum
889 1330 984 1390 habeo
1000 1331 1078 1390 iuter
1089 1334 1235 1406 Spiritus,
1254 1333 1303 1406 qni
1320 1333 1361 1388 88
1377 1338 1407 1389 et
1421 1329 1463 1386 sl

811 1419 914 1485 partes
933 1410 1112 1471 centesimas
1134 1415 1293 1473 voluminis
1317 1411 1464 1471 siconolts

812 1496 983 1566 continent,
1010 1495 1108 1567 quoad
1139 1493 1373 1569 pslldotditaten
1402 1510 1462 1551 non

812 1591 883 1634 esse
905 1578 1074 1635 discrimen.
1129 1579 1301 1650 opodeldoc
1330 1577 1411 1633 lente
1433 1580 1464 1632 et

812 1660 878 1716 sine
907 1660 984 1718 omni
1019 1661 1220 1719 concussione
1252 1658 1463 1732 reirigerstnm

812 1741 925 1798 clarius
937 1741 1017 1810 lieri,
1032 1757 1120 1814 quesn
1136 1741 1323 1800 immersione
1340 1739 1370 1797 iu
1384 1753 1463 1812 snus

813 1821 940 1896 frigida,
968 1828 1072 1881 contra
1097 1827 1253 1886 multorum
1276 1822 1462 1895 opinionem,

813 1907 964 1962 afirmare
985 1906 1090 1963 ausim.

846 2025 982 2074 onasum
999 2027 1244 2075 sutnnuaasun
1263 2031 1298 2090 (p.
1317 2027 1371 2089 ης)

846 2093 952 2154 Baryuns
973 2091 1145 2155 sulphurstuns
1164 2091 1281 2141 solvendo
1297 2092 1324 2138 in
1340 2107 1404 2155 sqns
1424 2088 1464 2137 ds·

811 2159 989 2219 componitur,
1013 2157 1125 2220 primum
1138 2157 1282 2208 dissuisitsr
1296 2160 1402 2220 Barynsu
1415 2152 1464 2203 sui·

813 2225 947 2287 plsnrstuna
967 2223 1199 2287 hydrothionienna,
1221 2236 1272 2270 turn
1293 2225 1397 2286 iterpusu
1414 2217 1463 2269 sni·

812 2288 949 2352 pianrstum
973 2305 1032 2337 essu
1048 2292 1134 2354 Baryts
1152 2287 1258 2338 esnstics
1274 2287 1387 2337 chemise
1406 2285 1463 2349 iun·

811 2367 900 2414 uum,
917 2356 1026 2419 denique
1042 2359 1127 2421 Berpts
1140 2355 1246 2406 usoetioe
1260 2370 1330 2419 pars.

848 2462 1066 2511 sunamiten.
1103 2457 1232 2516 Metili.
1264 2458 1426 2511 Hem·

847 2546 905 2593 lise.
924 2545 1032 2592 corticis
1046 2544 1143 2593 iisdicis
1158 2542 1295 2591 &succidis
1310 2540 1465 2603 volpertus

814 2612 894 2657 centis
905 2629 928 2672 q.
941 2626 955 2656 s
970 2642 978 2668 ,
993 2610 1030 2657 isis
1044 2622 1109 2659 terre
1119 2609 1224 2658 ininusie
1233 2625 1321 2673 aqueus
1334 2607 1463 2666 ieraidsrs,

815 2673 934 2723 ultimum
955 2677 1067 2739 exprime
1116 2676 1235 2738 Liquores
1252 2676 1350 2740 junctas
1370 2673 1401 2722 sd
1423 2688 1462 2721 ex·

816 2743 888 2790 tracti
900 2741 1084 2802 spissitudinem
1098 2743 1192 2806 redige,
1209 2754 1261 2791 tum
1275 2740 1376 2789 extrahe
1388 2735 1464 2803 spiri-

816 2818 841 2854 tu
858 2808 918 2854 Vini
939 2807 1160 2866 retinentissimo,
1180 2809 1299 2870 qusnadiu
1311 2823 1384 2867 sapor
1396 2819 1463 2852 suss-

815 2873 1002 2937 rnsqbripitur,
1015 2875 1134 2921 tincturas
1143 2874 1285 2936 spirituosss
1295 2868 1462 2919 destillationi

814 2938 909 3000 subjice
926 2951 951 2988 et
968 2939 1094 2987 residuum
1112 2942 1241 2987 reductum
1256 2940 1280 2986 in
1296 2936 1380 2986 iocum
1396 2932 1464 2998 irigi·

814 3006 874 3052 duan
886 3020 984 3070 sepone.
1013 3003 1158 3067 Crystsiinii
1170 3015 1332 3052 concrescunt
1342 3000 1464 3056 citrinos,

816 3080 913 3127 tenues,
937 3070 1081 3133 piuruosse,
1103 3086 1166 3132 quse
1178 3069 1358 3132 expressiones
1374 3065 1463 3114 iixisio

814 3137 969 3200 dspnrsstur
1018 3138 1069 3184 lise
1086 3152 1149 3199 squs
1167 3134 1259 3185 fervide
1276 3134 1418 3193 solvantur,
1439 3140 1465 3181 et

816 3202 943 3266 reirigesio
962 3202 1052 3251 iterum
1072 3213 1239 3250 concrescant.
1274 3202 1357 3249 Partes
1373 3209 1464 3246 estrsc·

816 3268 879 3314 iisse
895 3268 1036 3331 plurimum
1055 3267 1081 3315 in
1099 3267 1197 3330 liquore
1214 3266 1362 3315 retineatur
1396 3263 1487 3312 'suns'

815 3332 891 3379 semei
910 3332 994 3381 adine
1008 3334 1168 3382 Berberinnrsi
1190 3334 1285 3396 Spiritu
1303 3332 1363 3380 Vini
1381 3342 1464 3379 netas.

815 3398 939 3452 scitatus,
953 3410 977 3447 et
988 3400 1071 3447 denuo
1082 3411 1225 3447 concretum
1240 3401 1355 3448 siccetur.

850 3466 892 3511 Est
910 3464 990 3528 pulsis
1007 3465 1164 3529 crystallinus
1180 3464 1273 3513 eoloris
1288 3464 1350 3513 iseta
1364 3461 1465 3517 citrini,

815 3529 910 3592 saporis
924 3533 1044 3594 perssmsi
1062 3532 1106 3579 dio
1123 3531 1287 3594 persistentis,
1309 3530 1394 3580 odoris
1412 3526 1466 3576 nui·

818 3596 880 3652 iius,
899 3596 995 3645 chartas
1006 3595 1185 3661 exploratorias
1196 3613 1245 3644 uon
1260 3597 1355 3661 tingens
1367 3595 1414 3645 nisi
1426 3611 1466 3643 eo·

816 3659 871 3710 iore
881 3678 925 3710 sno
936 3663 1046 3726 proprio.

850 3734 871 3776 Δ
887 3728 1018 3777 Buciuero
1036 3727 1146 3791 primum
1163 3725 1313 3789 patefactum
1331 3724 1391 3774 iiiuc
1407 3726 1467 3773 luds

817 3794 843 3841 in
857 3810 928 3842 usum
942 3794 1068 3843 medicum
1079 3804 1200 3840 roratum.

850 3901 1009 3948 surianos
1025 3899 1200 3947 sltlllloltll
1217 3903 1244 3961 <p
1267 3903 1330 3958 ῳ).

850 3973 1033 4039 cessissetque
1042 3974 1143 4023 uberius
1152 3972 1194 4022 tali
1207 3974 1282 4021 ruodo
1292 3983 1463 4038 praeparatur:

849 4043 908 4089 ltec
922 4040 1064 4089 Antiasonii
1075 4040 1148 4088 crudi
1160 4042 1254 4103 optiuae
1267 4038 1379 4103 iserigsti
1392 4055 1417 4100 q.
1430 4054 1441 4081 v
1456 4069 1464 4090 ο

819 4106 892 4157 seint
916 4105 1043 4154 muriatici
1062 4106 1134 4154 crusii
1161 4105 1281 4154 iunssntis
1302 4103 1464 4166 quintuplum

834 4175 923 4224 ondus.
935 4171 961 4218 in
970 4171 1127 4221 cucurbitam
1139 4170 1247 4220 immissa
1262 4172 1376 4219 esleiisut
1389 4182 1414 4217 ut
1425 4183 1467 4233 gas

817 4191 1060 4303 iytroslloatrara,
1079 4240 1146 4300 qnod
1160 4249 1231 4285 caute
1246 4238 1335 4297 saites,
1351 4243 1466 4297 erumpat

816 4318 841 4354 et
861 4304 1035 4354 Antimoniuns
1055 4302 1209 4352 dissolutus.
1245 4303 1345 4351 Resctio
1361 4317 1405 4364 per
1423 4298 1468 4346 sii·

817 4371 883 4433 qnod
903 4381 999 4432 tempus
1011 4368 1095 4416 calore
1107 4378 1281 4432 promoveatur
1297 4379 1349 4415 tuna
1368 4362 1468 4413 miscuis

818 4435 967 4498 refrigescat.
1009 4435 1138 4498 Liquoaem
1155 4434 1300 4482 lintiusosio
1317 4434 1413 4481 intacto
1431 4430 1468 4477 in·

815 4502 937 4549 sidentem
954 4500 1066 4559 effunde,
1088 4511 1114 4548 et
1135 4515 1223 4547 uorans
1242 4498 1314 4547 acidi
1333 4498 1399 4546 Salis
1415 4495 1466 4543 sisu

817 4568 906 4622 sddss,
931 4583 1006 4629 quam
1029 4566 1178 4613 Antimonio
1198 4563 1274 4612 simili
1296 4566 1371 4612 modo
1391 4563 1466 4628 grssi·

815 4633 873 4679 ‹issn
893 4633 970 4687 priori
990 4631 1101 4688 adiicias.

851 4700 969 4760 liquores
988 4698 1072 4745 acidos
1096 4695 1122 4744 in
1143 4696 1228 4758 patius
1249 4706 1331 4757 aperta
1354 4694 1412 4758 igue
1433 4695 1468 4744 si·

817 4764 874 4811 sido
887 4764 933 4810 suis
947 4763 1049 4811 camino
1060 4763 1121 4810 bene
1132 4763 1253 4823 aspirante
1263 4761 1291 4807 in
1305 4759 1419 4809 volumen
1431 4777 1468 4809 ar·

817 4829 882 4879 etius
902 4844 979 4894 coge,
1003 4829 1082 4877 donee
1100 4827 1259 4894 portiuncula
1278 4826 1369 4876 issesio
1387 4827 1464 4876 sitreo
