3550 5417
312 322 387 399 562
436 316 693 391 MERCURIUS
710 316 903 389 VlTRlOL.
926 316 1060 387 truste.
1085 352 1135 371 -·
1150 311 1449 385 amanunvtv.
1463 311 1634 383 DEPUR.

343 492 415 547 'Rea
427 489 560 545 Mercurii
581 489 634 544 riri
656 488 785 561 deputati
804 491 874 543 Une.
892 489 970 561 quin·

315 574 388 632 que,
410 557 471 610 otei
493 554 770 623 timolinam,
797 554 970 608 inretortum

317 624 449 687 vitream,
477 622 519 701 rel
538 621 658 699 patinam
678 621 885 700 porcellaneum
912 618 972 689 (rel

354 705 372 741 o
383 689 527 741 Mercurio
545 686 693 766 sublimato
717 701 860 738 corrosano
878 703 906 738 rn
926 701 972 737 vm

315 707 439 833 Minium
452 750 559 821 fusum)
570 767 688 805 immissu
700 750 804 804 calefac
820 760 852 803 ut
863 752 972 829 Mercu·

316 814 973 964 attdtlttt‘sttt‘ittttttdittt

315 960 382 1005 tram
407 948 469 1001 fere
492 961 561 1000 ane
610 943 743 1025 quamdiu
771 961 890 1016 vapores
915 945 973 999 enl-

321 1012 438 1086 phurosi
456 1022 485 1065 et
504 964 547 1065 sul
568 985 659 1063 burrei
676 1007 821 1078 prodeunt.

353 1079 396 1134 Sit
414 1076 507 1149 pulvis
533 1029 702 1142 sinistimus,
733 1074 761 1128 in
781 1072 849 1127 rasis
874 1073 979 1127 ferreis

322 1151 437 1223 paratus
452 1158 552 1221 parurn
564 1139 745 1205 cinerascem,
759 1157 822 1192 curn
834 1155 907 1210 aqua
920 1139 974 1190 fer·

319 1207 618 1347 titat‘ttttlttf‘
630 1204 790 1337 ittet,
800 1203 974 1347 Tiii‘iiii

320 1353 458 1391 commum
470 1336 581 1389 mixtum
594 1333 675 1410 plane
693 1344 722 1390 tn
746 1349 818 1405 aqut
836 1333 975 1399 eolubtlts3

296 1434 298 1439 ·
319 1401 343 1457 si
354 1401 442 1481 pruinis
453 1400 533 1455 albus
543 1398 888 1517 reliupnitrrr,01yduiurn
899 1402 974 1516 ἓξὲξ-

319 1467 887 1593 tratti..ittadtttdtttt‘t
906 1500 975 1581 ..nef

326 1596 401 1652 tiore
419 1593 488 1647 acidi
500 1592 636 1648 additione
655 1606 738 1666 atque
753 1593 879 1673 ignitione
896 1608 974 1647 eura·
1038 1652 1042 1655 ,

319 1672 374 1718 tur.
401 1659 560 1715 Mercurius
573 1659 726 1714 vitriolatus
737 1658 804 1733 ignis
815 1659 841 1712 vi
855 1676 910 1711 non
925 1656 974 1711 nisi

319 1725 478 1805 parcissime
496 1722 720 1800 decomponitur,
754 1742 843 1796 quare
866 1740 899 1776 ex
923 1723 974 1775 bac

319 1790 479 1868 operatione
497 1790 535 1842 nil
556 1790 734 1844 metuendum
756 1801 799 1845 ert
815 1789 850 1842 de
867 1791 974 1857 jactura

320 1852 485 1974 prppfflroti.
521 1854 590 1935 Usuq
612 1854 809 1934 properando
830 1854 974 1908 Mercurio

318 1940 352 1977 su
484 1935 635 1975 corrosrro.

347 2029 639 2108 ,suanorum
681 2028 961 2093 vrrnronsrus

200 2189 210 2211 0
322 2110 494 2173 BASlCUS
529 2117 583 2173 rid.
599 2120 772 2197 Turpetbunt
788 2120 928 2174 minerale.

385 2248 747 2331 MERCURIUS
783 2254 974 2330 VIVUS

322 2349 711 2427 DEPURATUS.
759 2351 976 2450 (bertingus

323 2447 540 2543 December.
595 2448 777 2523 Mercnre
806 2453 952 2547 putrifie'.

367 2570 494 2631 synon:
531 2561 739 2638 Hydrurgyrnm
766 2561 933 2635 depuratum
957 2581 978 2618 a.

322 2645 443 2700 purum,
463 2626 660 2707 Hydrargyrns
677 2631 855 2706 purificatus,
874 2635 978 2703 Argen·
1046 2673 1053 2687 .

456 2703 514 2746 tum
532 2713 621 2748 rtrum
639 2697 822 2767 purificatum.

324 2787 404 2858 ltec.
429 2791 602 2860 Mercurii
627 2791 698 2861 vivi
717 2788 848 2861 venalis
875 2814 910 2886 q.
925 2810 977 2877 v.,

375 2887 525 2958 immitte
558 2889 593 2956 in
625 2903 794 2959 retortam
824 2885 976 2959 ferream

374 2983 487 3055 susam
527 2982 587 3055 vel
626 2981 789 3082 lagenam
824 2982 976 3055 ferream

374 3079 623 3175 cylindricam,
651 3089 686 3152 in
723 3080 854 3177 quibus
879 3082 979 3150 Mer-

373 3179 490 3249 curius
517 3176 649 3272 advehi
674 3177 766 3251 solet
788 3202 867 3249 eum
888 3175 977 3247 tubo

373 3273 980 3370 sclopeticurvatomunitam,·quae

374 3368 420 3442 ad
456 3369 641 3441 dimidium
682 3372 756 3442 fere
793 3369 979 3466 repleatur.

374 3462 500 3562 Adjice
511 3465 632 3540 scobis
647 3467 783 3539 ferreae
792 3468 979 3563 grossioris

375 3576 538 3647 stratum,
565 3564 663 3661 quod
681 3566 898 3636 Mercurium
919 3565 980 3635 ri-

377 3684 462 3730 vum
480 3660 616 3757 ubique
642 3660 689 3735 ad
710 3662 810 3759 digiti
835 3662 978 3732 minoris
1052 3728 1059 3743 ,

376 3759 566 3831 crassitiem
585 3776 757 3858 contegat
784 3763 884 3831 Circa
903 3758 978 3829 tubi

375 3853 440 3926 vel
449 3854 532 3929 colli
541 3872 693 3930 retortae
703 3873 896 3929 extremum
906 3855 979 3926 lin-

374 3966 474 4023 teurn
509 3956 695 4050 aliquoties
737 3952 980 4025 circumvolu-

375 4056 454 4119 tum'
470 4053 506 4120 in
527 4048 681 4123 formam
705 4053 792 4124 uteri
819 4048 979 4123 flexibilis

377 4143 512 4245 adapta
537 4163 571 4217 et
598 4147 745 4243 ligatura
782 4146 829 4218 ad
856 4145 979 4217 tubum

375 4243 526 4314 constrin
553 4270 582 4314 e.
638 4245 805 4317 Canalem
834 4242 979 4316 linteum

374 4337 431 4411 tali
452 4268 562 4413 morio
582 4343 779 4432 consectum
799 4366 893 4438 aqua
911 4340 975 4411 hu-

377 4453 501 4525 mecta,
528 4453 561 4509 et
582 4440 657 4539 ejus
676 4456 872 4512 extremum
886 4437 981 4510 sub-

374 4550 429 4609 ter
448 4559 566 4632 aquae
586 4539 620 4609 in
634 4559 720 4612 vase
736 4537 867 4609 idoneo
886 4560 981 4607 con-

375 4648 491 4708 tentae
528 4634 752 4735 superficiem
795 4635 980 4733 immerge.

1070 493 1158 588 Igne
1185 493 1380 591 supposito
1405 486 1594 561 destillatio
1618 491 1689 560 in-

1070 591 1244 661 stituatur.
1293 592 1412 685 Quum
1431 612 1473 657 ex
1495 603 1590 659 motu
1618 589 1685 660 vi-

1071 685 1229 759 bratorio
1246 684 1428 783 quodam,
1466 686 1524 783 qui
1551 708 1686 756 munus

1072 809 1144 881 ope
1155 785 1190 854 in
1207 783 1281 855 tubi
1295 798 1449 854 extremo
1464 780 1685 883 exploratur,

1073 879 1287 978 dignoscitur
1302 881 1519 952 Mercurium
1545 903 1624 952 esse
1642 881 1684 949 iu

1073 977 1297 1066 ebullitione,
1329 979 1418 1074 ignis
1441 1001 1568 1074 parurn
1587 1002 1683 1049 nro-

1073 1075 1232 1165 deretur,
1258 1090 1292 1147 et
1308 1074 1468 1148 ebullitio
1486 1072 1575 1146 levis
1594 1090 1684 1145 tan-

1019 1216 1020 1219 =
1074 1189 1145 1244 turn
1167 1170 1274 1269 atque
1292 1170 1487 1269 aequabilis
1510 1170 1684 1244 obtinea-

1074 1288 1148 1360 tur,
1180 1296 1226 1342 ne
1250 1273 1492 1343 eructamentis
1515 1268 1683 1341 violentis

1073 1370 1267 1440 Mercurius
1287 1367 1423 1463 absque
1442 1365 1683 1438 destillatione

1071 1467 1108 1536 in
1140 1491 1204 1539 vas
1233 1468 1409 1562 excipiens
1442 1465 1683 1561 transjiciatur,

1074 1562 1121 1634 ad
1146 1567 1243 1660 qnod
1264 1564 1495 1661 pronissimus
1514 1577 1573 1635 est.
1596 1565 1684 1634 De-

1073 1659 1298 1733 stillationem
1321 1661 1509 1758 intercipe,
1532 1657 1683 1756 quando

1074 1760 1241 1830 Mercurii
1268 1760 1304 1831 in
1334 1774 1499 1831 retortam
1531 1758 1684 1831 immissi

1073 1871 1241 1928 sextantes
1280 1858 1438 1953 quinque
1474 1857 1684 1929 transierint.

1074 1956 1130 2026 De
1156 1952 1386 2050 qualitatibus
1395 2007 1405 2043 ,
1427 1956 1460 2025 vi
1489 1969 1522 2024 et
1540 1978 1607 2026 usu
1633 1951 1682 2023 cf.

1074 2076 1200 2128 vocem
1226 2054 1419 2123 Mercurius
1439 2055 1486 2145 (Ι,
1502 2077 1537 2151 p.
1558 2054 1655 2143 181).

1079 2183 1253 2244 Mercurius
1281 2183 1449 2264 depuratus
1481 2179 1520 2241 ab
1555 2181 1681 2261 impuro

1027 2285 1063 2327 eo
1086 2266 1260 2343 discrepat,
1281 2266 1363 2347 quod
1382 2261 1577 2345 superficiem
1599 2280 1683 2322 sem·

1027 2368 1083 2428 per
1101 2345 1329 2407 mundissimum
1345 2344 1682 2425 splendidissimumque

1028 2439 1191 2500 monstret,
1226 2448 1282 2488 nee
1312 2431 1342 2487 in
1367 2427 1443 2488 vasis
1473 2421 1679 2506 porcellaueis

1027 2510 1282 2587 circumagitatus
1311 2511 1429 2569 caulem
1458 2509 1681 2590 nigrescentem

1027 2601 1098 2673 post
1112 2611 1145 2651 se
1161 2591 1259 2649 ducat.
1296 2589 1448 2651 Humidus
1467 2607 1543 2648 vero
1558 2590 1680 2648 Mercu·

1027 2693 1091 2732 rtns
1108 2669 1287 2751 purissimus
1305 2692 1395 2752 saepe
1420 2672 1533 2748 impuri
1546 2668 1680 2748 speeiem

1028 2774 1100 2833 prae
1128 2773 1159 2813 se
1188 2752 1261 2812 fert.
1317 2754 1365 2813 Sit
1404 2751 1524 2833 penitus
1549 2748 1682 2811 volatilis

1027 2835 1108 2917 quod
1123 2834 1155 2892 in
1169 2833 1245 2895 tubo
1259 2833 1360 2896 vitreo
1373 2854 1506 2896 recurro
1519 2851 1579 2913 ope
1593 2827 1683 2891 flam-

1028 2934 1094 2976 mae
1116 2915 1301 2994 rpiritnosae
1326 2917 1514 2998 exploratur.
1562 2915 1682 2973 Mercu·

1028 2998 1091 3057 rius
1114 2995 1229 3058 venalis
1243 2996 1364 3077 saepius
1385 2992 1603 3076 repurgatione
1618 3012 1680 3053 non

1028 3089 1115 3160 eget,
1136 3078 1191 3138 sed
1213 3082 1313 3139 statim
1337 3078 1514 3158 purissimus
1529 3086 1584 3135 est.
1605 3077 1681 3137 Sco·

1030 3160 1083 3219 bes
1105 3158 1228 3219 ferreae
1248 3159 1279 3218 in
1294 3171 1441 3221 retortam
1463 3158 1680 3231 immittuntur,

1029 3252 1061 3300 ut
1083 3239 1303 3300 eructamentia
1324 3238 1436 3325 aliquid
1459 3238 1591 3315 obstent,
1612 3248 1680 3297 tum

1031 3341 1106 3381 vero
1134 3332 1166 3381 ut
1196 3341 1231 3381 ea
1262 3323 1412 3402 prodant,
1440 3320 1467 3382 si
1498 3322 1581 3401 ipsae
1609 3336 1680 3378 cum

1030 3402 1183 3463 Mercurio
1204 3404 1235 3462 in
1258 3424 1309 3464 ras
1330 3402 1488 3483 excipiens
1516 3397 1681 3461 manitilie-

1028 3484 1107 3557 rint,
1127 3483 1208 3567 qaod
1232 3484 1354 3568 quidem
1385 3483 1565 3564 perignem
1588 3478 1678 3540 nimir

1028 3565 1141 3626 iortem
1170 3564 1260 3625 facile
1289 3566 1411 3627 accidit.
1463 3564 1529 3625 Nisi
1562 3569 1679 3622 retortu

1030 3645 1129 3707 ferrea
1151 3644 1206 3705 tibi
1229 3658 1276 3706 est
1297 3648 1334 3705 in
1358 3655 1499 3727 promtu,
1533 3653 1679 3704 retortam

1031 3741 1159 3788 vitream
1191 3727 1337 3787 adhibeas
1371 3731 1464 3807 opus
1484 3737 1541 3786 est.
1596 3721 1681 3783 Huic

1028 3823 1128 3872 autem
1152 3829 1243 3892 usque
1277 3810 1314 3870 ad
1338 3810 1451 3872 collum
1473 3825 1599 3868 arenam
1620 3804 1678 3864 cir·

1029 3893 1137 3952 curnda
1165 3900 1197 3951 et
1224 3902 1344 3971 partem
1380 3909 1528 3952 maumam
1555 3903 1681 3970 quorpue

1029 3993 1123 4043 arena
1144 3972 1251 4033 conde.
1295 3975 1355 4039 Vas
1378 3970 1477 4033 balnei
1500 3986 1609 4031 arenae
1642 3963 1680 4025 ad

1029 4052 1160 4113 formum
1179 4063 1314 4114 retortae
1335 4063 1482 4137 quantum
1497 4048 1563 4111 fieri
1579 4056 1682 4129 potest

1030 4135 1176 4209 accedat,
1206 4146 1241 4193 ut
1262 4147 1364 4215 partes
1392 4152 1513 4219 qnoque
1542 4132 1682 4209 superio·

1030 4237 1080 4275 res
1110 4212 1244 4276 calefieri
1274 4218 1410 4296 possint,
1439 4213 1521 4299 quod
1551 4210 1607 4272 nisi
1629 4207 1683 4284 lit,

1031 4298 1200 4357 Mercurius
1241 4297 1278 4357 ad
1316 4301 1447 4378 parietes
1476 4294 1682 4356 condensatus

1031 4378 1140 4437 iterum
1175 4378 1205 4437 in
1247 4390 1397 4440 retortam
1425 4375 1593 4447 relabitur,
1625 4388 1682 4434 neo

1032 4460 1062 4517 in
1083 4460 1257 4539 excipuium
1285 4462 1402 4523 transit.
1446 4457 1600 4518 Mercurio
1630 4455 1684 4514 de·

1031 4541 1173 4601 stillando
1182 4542 1376 4602 cinnabarim
1388 4541 1436 4602 vel
1446 4540 1586 4619 Oxydum
1602 4539 1686 4596 Mer.

1031 4624 1111 4683 curii
1152 4622 1264 4685 addere
1296 4641 1557 4705 supervacaneum
1592 4630 1684 4701 atque

1031 4703 1139 4767 inutile
1159 4715 1215 4767 est.
