3550 5417
544 1002 883 1149 intitul,
916 1002 1335 1125 lullonum.

805 1315 1078 1329 ...um

510 1517 680 1580 3113311311
696 1518 1017 1576 columnamaiuistram,
1038 1516 1054 1565 3
1074 1520 1223 1569 colomanus
1238 1518 1370 1567 aextran.

262 1679 325 1754 Peg.
348 1680 396 1737 25.
439 1679 574 1740 actuum
602 1679 698 1741 setis
726 1680 830 1740 vilioris
851 1683 933 1756 pretii
955 1685 983 1739 et
1003 1684 1062 1740 stne
1083 1684 1204 1739 retortae
1222 1682 1330 1755 jactura
1362 1678 1469 1741 tacitns
1497 1696 1622 1759 praepa-

385 1766 461 1819 ratur
482 1779 518 1821 ex
540 1761 626 1822 alcide
646 1761 715 1821 Salis
735 1759 821 1821 crudo
843 1766 872 1821 ct
889 1761 975 1822 aloldo
998 1762 1153 1838 sulphuricc
1172 1760 1288 1837 adjecto.
1331 1761 1445 1824 Acidurn
1467 1764 1623 1825 81111333-

386 1842 449 1902 dum
470 1849 497 1904 in
518 1849 649 1905 retortum
670 1844 818 1903 tubulatam
838 1846 1013 1919 immittatur,
1045 1847 1072 1903 in
1094 1861 1147 1921 qua
1174 1861 1226 1922 per
1252 1844 1374 1905 tubulum
1401 1847 1482 1908 tultus
1504 1851 1623 1924 vitreus,

386 1926 553 1987 infundibulo
574 1930 737 2001 instructus,
758 1943 846 2003 usque
866 1931 894 1985 in
914 1925 1044 2004 liquidum
1065 1930 1215 2002 immergat
1266 1926 1353 1987 alcide
1374 1932 1517 1990 muriatico
1539 1929 1623 1991 crudo

388 2011 488 2068 sensim
517 2009 625 2069 aliunde
646 2006 725 2068 Acidi
752 2009 901 2084 sulphurici
928 2011 1097 2068 concentrati
1124 2013 1230 2069 tertiam
1257 2010 1304 2070 rel
1332 2009 1467 2071 dimidiam
1498 2017 1623 2089 partem;

387 2093 471 2150 mixta
497 2096 598 2151 sensim
625 2091 750 2151 calefiant
778 2096 808 2150 ut
835 2107 885 2167 gas
914 2090 1149 2169 luydroclrloricum
1177 2095 1319 2169 emmpat,
1352 2092 1425 2171 quod
1453 2110 1523 2170 aqua
1552 2111 1622 2171 pura

388 2176 530 2249 excipitur.
582 2174 695 2234 lietorta
715 2176 820 2232 scilicet
839 2172 905 2232 tulto
926 2178 1014 2233 vitreo
1036 2178 1063 2232 iu
1084 2189 1148 2233 crus
1169 2174 1255 2233 semel
1280 2175 1384 2235 relicuo
1411 2180 1540 2235 instructa
1570 2180 1619 2235 est

389 2254 450 2314 Non
477 2257 688 2334 male.quoque
715 2259 837 2316 retortae
866 2252 976 2315 collum'
992 2255 1028 2315 ad
1055 2272 1104 2314 vas
1132 2260 1273 2332 excipiens
1294 2257 1440 2317 tabulatum
1461 2256 1622 2334 adaptatur,

389 2341 417 2395 et
438 2354 472 2396 ex
493 2343 569 2398 vasis
589 2342 746 2415 recipientis
766 2338 860 2397 tubulu
882 2337 962 2398 tultus
982 2341 1086 2397 vitreus
1106 2338 1149 2397 bis
1170 2341 1197 2396 in
1219 2339 1345 2414 angulum
1365 2343 1470 2399 rectum
1494 2344 1624 2400 incurvus

388 2422 415 2477 in
436 2436 535 2497 aquam
556 2424 737 2497 excipientem
758 2423 901 2496 immergit.
949 2420 1100 2481 Destilletio
1129 2420 1176 2478 liat
1203 2420 1329 2497 quamdiu
1356 2439 1406 2498 gas
1428 2422 1623 2499 hydroclrlori-

390 2500 451 2559 cum
480 2507 596 2579 emergit
622 2507 651 2562 et
677 2502 767 2563 donec
790 2503 916 2578 plrlegma
946 2506 973 2560 in
999 2505 1104 2561 retorta
1132 2502 1292 2563 ebulliverit.
1342 2503 1487 2564 Residuum
1514 2502 1618 2560 acidum

390 2584 574 2659 sulphuricum
603 2586 689 2645 reiert
716 2584 842 2659 dilutius,
871 2584 908 2643 ad
937 2600 1043 2643 omnem
1071 2600 1150 2643 usum
1179 2585 1258 2659 liujus
1285 2586 1353 2644 acidi
1381 2582 1619 2645 accommodatum.

391 2666 501 2726 Rcmrta
521 2669 581 2726 lere
602 2683 712 2744 semper
733 2669 931 2742 conservatur,
953 2670 981 2726 et
1000 2670 1071 2741 ignis
1093 2670 1210 2726 maxima
1231 2672 1274 2727 est
1291 2670 1464 2742 parsimonie.

270 2779 332 2852 Pap.
356 2781 410 2851 52,
443 2781 551 2840 alinea
574 2783 793 2856 ltasummo,
832 2779 922 2840 adde:
954 2781 1008 2841 l’ln
1029 2781 1327 2855 Slesv.·ilolsat.‚
1358 2780 1465 2841 llamm
1488 2780 1567 2842 1833
1596 2784 1626 2839 31
1747 2802 1748 2849 t

396 2862 506 2921 llamlr.
532 2864 609 2923 1835

271 2974 334 3049 lug.
356 2976 409 3049 37,
431 2977 636 3038 3113318313
658 2984 727 3039 ime:
747 2980 809 3037 loco
831 2984 910 3054 (pag.
934 2979 990 3051 77)
1011 2978 1092 3053 lege:
1113 2983 1191 3054 (pag.
1213 2976 1271 3052 78)

274 3089 336 3164 Peg.
361 3091 435 3163 150,
457 3110 490 3165 o,
512 3093 556 3151 lin.
580 3094 614 3153 11
640 3111 656 3152 1
678 3108 804 3152 summo:
825 3092 887 3151 loco
907 3093 1004 3152 ltlcsea
1026 3092 1106 3168 lego:
1128 3093 1228 3152 ltlcxae

274 3204 338 3278 l'ag.
361 3204 435 3279 283,
458 3207 490 3282 3,
512 3207 556 3266 lin.
580 3209 619 3267 33
640 3224 657 3266 1
678 3223 797 3278 summo:
818 3207 881 3266 leco
903 3212 1069 3268 evcrcentur
1089 3209 1169 3283 lege:
1191 3210 1342 3266 evocentur

275 3318 339 3393 Pag.
362 3318 436 3394 307,
458 3321 488 3394 3,
510 3321 556 3381 lin.
578 3322 617 3381 33
638 3338 656 3382 1
677 3338 798 3381 summe:
819 3321 882 3382 loco
903 3323 1019 3381 Acetum
1039 3321 1117 3397 lage:
1138 3322 1253 3380 Azotum

274 3432 339 3507 Pag.
361 3433 437 3505 391,
458 3436 492 3507 3,
512 3437 583 3496 linea
605 3437 644 3497 33
666 3453 829 3512 asumma,
851 3410 913 3496 loco
935 3436 1038 3513 aliquot
1057 3437 1136 3511 lege:
1156 3430 1268 3511 aliquod

219 3548 222 3553 '
275 3548 338 3622 Peg.
361 3548 437 3622 392,
458 3551 490 3621 3,
512 3549 556 3610 lin.
577 3552 685 3625 intima,
707 3551 768 3610 loco
790 3549 937 3629 depuratus
958 3552 1036 3627 lege:
1058 3548 1207 3626 depuratos

275 3662 339 3736 Peg.
361 3636 433 3721 398.Ὶ
470 3664 685 3726 extiturum
706 3664 948 3725 coactiliriam
968 3663 1206 3725 sriututiostiot.
1254 3658 1630 3739 33331331133133133
1747 3716 1748 3721 ,

399 3758 503 3807 iturust.
545 3749 665 3807 11313311
683 3752 847 3823 spiritum
865 3749 902 3807 de
922 3747 1139 3806 douae-umere.

441 3828 504 3886 ltec.
527 3832 651 3906 stipitum
675 3830 853 3889 Dulcnmarae
874 3834 1002 3890 recenter
1023 3831 1186 3888 siccatorum
1214 3830 1242 3885 et
1268 3829 1442 3886 contusarum
1465 3841 1491 3902 q.
1511 3842 1552 3898 3.,
1583 3827 1631 3882 13-

400 3908 482 3968 tunde
503 3912 619 3986 Spiritus
641 3913 700 3972 Vini
721 3914 937 3972 rectiitcatissirni
959 3929 987 3987 q.
1006 3929 1044 3983 s.,
1073 3914 1103 3968 ut
1123 3910 1341 3983 superemineat,
1374 3912 1485 3985 impone
1512 3909 1539 3964 iu
1566 3897 1632 3965 l'tal·
1747 3956 1748 3987 ,

400 4008 480 4050 neum
502 4010 590 4070 aquae
612 3999 641 4053 ut
661 3996 746 4053 seruet
767 3995 892 4069 ebulliet,
914 3999 970 4054 tum
990 4008 1109 4068 sepone;
1131 3990 1274 4064 trigelaeta
1294 3994 1426 4066 exprime.
1478 3988 1534 4047 llas
1558 4003 1632 4063 cpe·

400 4078 518 4134 rationes
539 4076 581 4136 bis
604 4081 715 4152 repete;
744 4077 863 4153 liquores
885 4077 990 4135 elicitos
1008 4078 1119 4148 iunctos
1140 4073 1224 4145 illtra,
1254 4077 1368 4132 immitte
1387 4076 1415 4132 in
1437 4068 1632 4153 1331313133-

399 4158 565 4217 stillatcriam
586 4158 614 4218 e't
635 4163 757 4234 spiritum
779 4158 959 4218 destillatione
978 4155 1117 4217 abstrahe.
1163 4153 1311 4215 Residuum
1341 4159 1367 4215 in
1393 4154 1491 4213 balneo
1519 4153 1628 4228 uaporis

399 4240 434 4298 ari
455 4246 570 4300 extracti
589 4244 791 4301 consistentiam
813 4244 984 4317 inspissetur.
1033 4241 1073 4299 Sit
1093 4237 1194 4297 coluris
1216 4237 1324 4312 uiridis,
1345 4253 1417 4312 aqua
1437 4239 1486 4294 vix
1502 4230 1630 4304 solubile,
1745 4248 1748 4279 r

399 4324 501 4398 Spiritu
530 4324 589 4383 Vini
617 4323 700 4384 diluto
728 4329 756 4385 31
781 4323 914 4383 calefacto
943 4322 1023 4381 tacite
1051 4318 1173 4380 solubile.
1229 4319 1391 4379 Nouissimis
1420 4313 1585 4394 temporibus
1615 4329 1633 4372 a

400 4404 511 4465 medicis
533 4405 677 4466 laudatum.

276 4520 339 4593 t'ag.
362 4520 437 4594 121,
459 4521 492 4594 1,
514 4522 585 4580 linea
607 4522 643 4581 31
669 4537 684 4579 1
706 4536 827 4592 sunrmo,
849 4520 910 4577 loco
932 4519 993 4577 elici
1015 4516 1090 4591 lege:
1110 4515 1180 4575 elice

274 4634 338 4709 l’og.
362 4635 438 4708 123,
462 4635 494 4705 3,
516 4637 587 4695 linea
610 4638 628 4695 c
650 4635 684 4695 alr
706 4638 776 4708 ime,
799 4635 860 4692 loco
882 4632 1125 4704 ilistorttrrrstrort
1146 4629 1225 4704 lege:
1248 4630 1504 4692 uirtettteorrroe.

270 4749 334 4823 Paq.
357 4752 431 4823 121,
455 4768 487 4825 a,
512 4751 580 4809 linea
608 4752 643 4809 11
665 4767 680 4809 1
702 4766 821 4823 3311313,
845 4749 906 4807 1333
929 4746 1178 4823 ititirtttettirtioit
1199 4743 1275 4818 lege:
1298 4737 1563 4815 813111113311111311.
