3550 5417
1412 332 1486 407 soa

166 506 347 580 Miscelam
385 509 460 603 jam
499 505 702 578 calefactam
738 507 772 575 in
822 522 924 602 atque
942 503 1016 575 sale
1039 503 1166 575 ferrico
1188 522 1323 577 scatere
1342 533 1482 607 coepe-

118 610 234 705 iguem
261 608 403 701 impone
436 620 474 675 ut
504 603 667 695 ebulliat,
697 620 771 675 turn
821 605 907 691 rint,
938 601 1059 698 digere
1080 628 1121 674 ea
1147 627 1228 673 cum
1250 603 1372 675 Ebare
1399 626 1477 679 usto

118 710 252 777 ineam
279 705 415 799 conjice
440 704 568 773 sensim
594 728 658 799 per
683 728 771 799 por·
821 703 940 798 nigra,
963 700 1051 770 liltra
1074 717 1108 771 et
1133 705 1381 797 evaporatione
1407 708 1477 777 ite-

116 801 283 875 tiunculas
337 813 484 872 minutas
537 803 770 873 Antimonium
820 824 900 869 rum
919 802 952 869 in
969 796 1153 893 crystallos
1170 799 1305 896 redige.
1344 806 1474 875 Lixivia

115 898 263 972 crudum
287 925 365 970 cum
387 901 485 970 Nitro
509 900 673 985 mixtum,
706 926 769 970 en·
819 897 938 967 ultima
958 895 1133 967 interdum
1151 896 1276 968 additis
1289 900 1475 972 Cineribns

115 1015 258 1094 pectens
271 995 358 1068 dum
372 996 590 1093 portiuncula
604 1023 770 1094 quaeque
818 993 1009 1066 clavellatis
1022 993 1200 1091 depuratis
1211 1022 1320 1070 navas
1331 998 1474 1094 crystal-

114 1099 240 1194 injecta
260 1095 418 1166 colorem
434 1096 589 1191 griseum
607 1093 768 1167 induerit.
817 1091 1045 1164 losemittunt.
1091 1093 1201 1168 Part.
1230 1108 1345 1172 canat.
1370 1096 1472 1167 Acidi

116 1192 355 1292 Quompulris
370 1198 482 1265 omnis
497 1194 767 1289 injectussuerit,
817 1192 983 1278 tartarici,
1017 1190 1130 1287 andi
1155 1193 1290 1283 stibici,
1323 1194 1405 1266 Kali
1437 1212 1471 1268 et

114 1309 228 1364 totam
242 1292 403 1388 decoque
416 1291 463 1362 ad
476 1293 662 1363 siccitatem
681 1291 766 1380 lere,
816 1295 942 1388 Aquae
957 1290 1056 1387 paria
1075 1289 1185 1362 Pond.
1200 1295 1296 1365 Mirr.
1308 1333 1357 1346 -
1385 1293 1469 1367 Vas.-

112 1394 264 1488 patinam
287 1389 335 1462 al>
359 1393 440 1487 igne
466 1416 613 1462 remove
639 1406 673 1461 et
698 1389 765 1461 sibi
817 1391 963 1461 emetica
994 1391 1297 1483 praesentissima,
1329 1408 1469 1464 externe

113 1486 338 1586 derelinque,
386 1513 457 1585 quo
487 1487 526 1557 fit
558 1504 592 1558 ut
622 1487 764 1559 miscela
815 1503 929 1559 cutem
953 1489 1099 1557 irritans.

554 326 794 399 TARTARUS
821 326 1049 395 EMETICUS

111 1589 277 1660 siccescat
297 1586 449 1658 demum.

160 1704 313 1772 Massam
323 1698 479 1772 albidam
494 1702 668 1771 cineream
683 1724 762 1770 cum

109 1798 266 1896 pauxilla
293 1804 416 1896 Aquae
443 1814 585 1869 contere
615 1800 648 1867 in
677 1796 765 1893 pul-

110 1914 205 1984 tem,
240 1894 329 1967 lianc
360 1893 457 1968 dilue
487 1898 625 1993 majore
658 1897 761 1992 copia

110 2019 226 2093 aquae
268 2010 304 2065 et
343 1992 539 2065 elutriando
578 1993 761 2091 pulverem

110 2116 314 2189 suspensum
334 2093 368 2162 in
386 2116 448 2165 vas
470 2091 573 2164 fictile
590 2094 673 2163 satis
696 2116 763 2162 ca-

108 2217 176 2287 pax
213 2189 426 2263 translunde.
492 2196 529 2261 ln
556 2192 671 2289 patina
704 2189 762 2262 vel

108 2292 278 2362 mortario
333 2289 523 2387 particulae
573 2291 762 2360 Antimann

109 2387 209 2460 crudi
234 2391 347 2460 intacti
376 2402 565 2459 remanent.

157 2501 351 2600 Liquidum
372 2500 551 2573 turbidum
571 2501 615 2572 ad
639 2499 763 2572 subsi-

108 2598 262 2671 dendum
295 2626 447 2699 sepone,
481 2600 658 2697 liquorem
690 2598 762 2670 de-

104 2696 231 2786 suade,
249 2715 282 2770 et
297 2701 396 2772 novis
414 2725 528 2797 aquae
544 2701 656 2795 capiis
673 2695 760 2793 pul-

107 2821 229 2866 verem
268 2796 426 2868 albidum
465 2800 619 2893 griseum
659 2795 759 2884 lara,

106 2892 273 2990 quamdiu
288 2921 379 2991 aqua
400 2895 599 2966 aciditatem
620 2920 662 2966 ex
680 2897 759 2991 ipso

105 2992 254 3089 abripit;
285 2989 437 3089 denique
464 3019 592 3089 aquam
624 2996 758 3089 penitas

106 3088 267 3163 defende.
300 3089 538 3163 Sedimentum
555 3089 672 3161 adhuc
685 3089 759 3161 hu-

106 3187 239 3261 midum
259 3191 367 3261 misce
383 3202 462 3260 cu‘m

204 3306 384 3377 Cremoris
393 3305 527 3375 Tartari
540 3304 654 3374 Unciis
667 3300 758 3374 duo-

133 3406 136 3418 '
278 3401 411 3491 decim,

105 3514 199 3588 adde
222 3521 346 3615 Aquae
372 3513 569 3587 destillatae
597 3540 632 3611 q.
654 3540 685 3586 s·
711 3513 756 3585 ad

104 3614 239 3713 pultem
298 3632 455 3687 tenacem
515 3611 756 3700 efficiendam,

104 3738 211 3812 qnam
230 3713 300 3785 leni
320 3712 440 3785 calore
460 3713 544 3784 fove
564 3736 628 3808 per
650 3710 756 3783 horas

104 3811 246 3911 aliquot.
282 3815 371 3882 Tum
390 3808 483 3882 adde
497 3816 618 3906 Aquae
634 3807 757 3879 destil-

102 3910 194 3983 latae
216 3908 341 3982 Libras
361 3926 459 3996 octa,
489 3933 605 4005 coque
624 3922 657 3979 et
678 3908 754 3978 ser-

103 4008 184 4080 vida
210 4008 312 4080 filtra.
370 4012 564 4104 Liquorem
591 4004 756 4076 filtratam

103 4130 235 4202 sepone
252 4125 290 4180 ut
306 4105 486 4204 crystallus
501 4103 676 4191 demittat,
693 4127 757 4175 su-

104 4207 279 4298 perstitem
297 4208 352 4279 fac
364 4228 559 4300 evaporare
576 4218 609 4274 ut
626 4227 758 4274 novam

103 4302 344 4396 crystallorum
356 4330 398 4376 co
425 4306 493 4373 iam
507 4299 672 4386 demittat,
688 4299 759 4371 hoc

102 4416 241 4495 repete,
283 4329 453 4500 quarrtdiu
490 4397 643 4496 crystalli
677 4400 758 4469 satis

102 4519 410 4594 puraenascantur.
427 4496 617 4594 Crystallos
634 4495 758 4567 ultimo

854 1589 921 1646 Sint
942 1589 1078 1658 crystalli
1098 1589 1187 1660 plane
1211 1588 1382 1663 decolores,
1413 1609 1466 1650 re-

813 1676 917 1728 centes
954 1673 1068 1726 vitreae
1105 1669 1290 1745 pellucidae,
1328 1681 1467 1731 vetustas

813 1768 927 1824 opacae
943 1753 1046 1823 albae,
1063 1752 1093 1808 in
1109 1768 1206 1823 aquae
1222 1753 1355 1826 frigidae
1367 1757 1465 1827 parti-

811 1837 868 1892 ltus
886 1834 1107 1907 quatuordecim
1126 1835 1175 1890 rel
1194 1834 1376 1905 quindecim,
1399 1841 1465 1895 fer-

811 1919 900 1973 vidae
915 1915 1009 1974 tribus
1025 1917 1159 1987 partibus
1172 1917 1328 1975 solubiles.
1365 1921 1462 1977 Char·

811 2004 872 2055 tam
902 1999 1132 2069 exploratoriam
1158 2000 1327 2056 caeruleam
1353 2002 1463 2059 solutio

811 2079 873 2136 leri
888 2083 995 2138 rubore
1010 2081 1116 2153 tingat.
1149 2080 1304 2137 solutione
1319 2083 1389 2139 Kali
1405 2086 1463 2142 ba-

810 2161 921 2220 russiai
937 2178 976 2219 ne
990 2163 1074 2218 colar
1091 2162 1248 2219 caeruleas
1266 2162 1420 2237 gignatur.

742 2289 762 2305 ..
844 2252 876 2304 ln
892 2247 1014 2322 eligenda
1027 2248 1147 2302 formula
1161 2248 1195 2326 de
1210 2249 1334 2319 parando
1345 2254 1463 2308 Tartaro

811 2316 926 2369 emetieo
950 2314 1070 2386 propriis
1097 2318 1287 2387 experimentis
1309 2319 1463 2373 multifariis

810 2382 912 2444 lullus,
930 2390 957 2433 et
972 2382 1126 2433 facilitatem
1142 2396 1209 2453 prae
1232 2382 1359 2435 arationis
1374 2396 1401 2436 et
1415 2385 1462 2437 ba-

810 2449 921 2501 nitatem
962 2445 1069 2499 rodueti
1083 2458 1145 2500 aute
1159 2400 1255 2501 oculos
1273 2448 1363 2501 habui.
1399 2452 1461 2529 Qui·

811 2514 864 2566 bus
877 2466 1015 2565 desideriis
1033 2523 1062 2565 at
1072 2514 1230 2576 satisfieret,
1249 2513 1402 2584 ponderum
1421 2534 1462 2568 ra·

810 2578 898 2631 tiones
916 2595 999 2649 quam
1016 2578 1165 2632 certissime
1182 2590 1261 2632 erant
1279 2580 1461 2647 definiendae,

811 2655 838 2697 et
855 2645 1020 2698 encheiresis
1040 2645 1194 2698 accuratius
1213 2644 1364 2700 indicanda.
1396 2649 1461 2699 Tar-

811 2712 863 2762 tari
881 2711 986 2764 emetiri
1004 2727 1071 2781 prae
1094 2712 1181 2763 aratio
1196 2710 1296 2780 pendet
1312 2728 1326 2763 a
1345 2729 1462 2785 pracpa-

809 2776 916 2830 ratione
934 2784 1046 2846 praevia
1090 2775 1151 2847 xydi
1171 2775 1326 2831 Antimonii.
1360 2781 1419 2832 Hoc
1439 2781 1461 2832 si

811 2842 851 2895 via
867 2842 975 2897 humida
993 2851 1122 2912 paratur,
1141 2842 1228 2895 multo
1244 2842 1350 2898 facilius
1365 2861 1380 2896 a
1395 2845 1462 2898 Cre-

809 2924 887 2961 more
903 2906 1013 2962 Tartari
1026 2907 1199 2970 dissolvitur,
1217 2924 1299 2977 quam
1314 2909 1336 2962 si
1347 2911 1461 2962 calcina-

809 2974 898 3036 tione,
921 2972 1114 3043 deflagratione
1133 2975 1175 3025 rel
1192 2972 1299 3026 fusione
1313 2974 1462 3031 obtinetur.

809 3037 936 3108 Oxydnm
951 3040 1099 3093 Antimanii
1116 3055 1132 3091 a
1146 3042 1236 3091 Ferro
1253 3042 1301 3098 sit,
1326 3051 1461 3109 quantum

807 3106 866 3158 lieri
902 3115 986 3167 otest,
1004 3105 1136 3169 liberum,
1160 3103 1198 3155 nil
1213 3105 1283 3156 enim
1298 3105 1405 3177 longius
1423 3118 1461 3158 at·

807 3188 863 3241 qne
879 3124 1015 3224 difficilius
1029 3186 1112 3240 quam
1130 3172 1247 3222 Ferrum
1262 3170 1384 3241 repetitis
1400 3189 1460 3239 cry·

807 3236 1029 3290 stallisatianibus
1044 3251 1201 3288 excernere.
1242 3237 1341 3306 Magna
1361 3238 1409 3288 lrsc
1428 3256 1460 3289 ra

807 3303 1023 3355 substantiarum
1038 3300 1174 3370 ipsarum,
1197 3302 1328 3371 temporis
1345 3312 1373 3354 et
1388 3319 1461 3355 com·

806 3368 976 3422 bustibilium
1000 3368 1107 3435 jactura
1134 3366 1261 3418 efficitur.
1312 3367 1460 3421 Polrerern

807 3439 1149 3502 Ausasarnr,quamqnam
1162 3431 1287 3484 facillime
1300 3450 1314 3484 a
1325 3434 1459 3488 Cremorc

807 3500 916 3552 Tartari
944 3499 1127 3562 dissolvatur,
1159 3512 1213 3549 non
1242 3508 1332 3551 tamen
1359 3498 1460 3554 ideireo

807 3562 999 3618 commendare
1022 3580 1105 3615 ausus
1137 3581 1214 3625 sum,
1247 3563 1353 3637 quippe
1380 3568 1460 3633 cajus
1490 3574 1492 3577 '

806 3630 941 3684 difficilius
973 3639 1177 3701 praeparantur
1210 3630 1305 3744 cqpiae
1335 3633 1462 3699 majores.

806 3696 876 3751 Sunt
899 3695 947 3776 qui
972 3695 1154 3750 Antimonium
1180 3712 1229 3746 eru
1252 3713 1295 3747 nm
1321 3694 1347 3748 in
1374 3697 1461 3750 Acido

807 3763 950 3815 muriatico
965 3762 1053 3813 crudo
1070 3759 1181 3813 dissolri
1198 3759 1328 3828 jubeaut3
1353 3772 1380 3815 at
1397 3763 1461 3815 llaec

806 3828 933 3910 operatio
953 3826 1140 3880 molestissima
1160 3835 1201 3878 est
1221 3825 1256 3877 ab
1278 3824 1364 3879 adore
1384 3828 1462 3881 loeti·

808 3893 917 3959 drssima
944 3902 1117 3966 emergente,
1147 3908 1274 3944 rasorum
1295 3893 1407 3958 electio,
1434 3896 1461 3948 in

829 3961 909 4015 uibus
927 3959 1099 4022 instituatur,
1126 3956 1231 4076 qraris,
1256 3955 1373 4028 deniqne
1418 3979 1462 4012 ro·

806 3976 883 4082 llucli
900 4026 979 4096 capia
994 4042 1048 4078 nan
1065 4024 1128 4078 satis
1142 4023 1241 4076 aciens.
1274 4024 1331 4074 Hae
1349 4025 1373 4075 di
1397 4027 1463 4078 roral-

806 4104 876 4148 tntes
898 4102 994 4146 nostro
1015 4088 1159 4154 methodo,
1184 4104 1257 4160 quas
1272 4104 1288 4139 c
1303 4089 1463 4146 Pharmacu-

828 4175 877 4211 oea
900 4155 1066 4211 Loudinensi
1092 4153 1153 4226 1809
1180 4154 1311 4225 originem
1334 4154 1409 4209 ducit
1436 4168 1463 4210 et

808 4241 907 4297 param
923 4224 1063 4276 immutata
1079 4230 1135 4286 est,
1152 4219 1300 4273 eliduntur.
1336 4221 1462 4291 (hydam

808 4290 878 4343 enim
897 4306 913 4342 a
934 4292 1042 4353 Ferro,
1065 4286 1213 4352 Arsenico,
1238 4297 1265 4338 et
1282 4286 1373 4339 Acidis
1389 4290 1463 4341 Anti·

808 4354 890 4408 monii
910 4355 993 4423 plane
1010 4354 1129 4406 liberum
1154 4352 1207 4404 cito
1229 4362 1414 4422 praeparatur
1437 4365 1463 4405 et

807 4420 930 4474 materiis
951 4420 1050 4472 vilibus
1069 4418 1173 4487 ubique
1192 4416 1315 4484 ejusdem
1334 4418 1465 4472 honitatis

809 4484 1025 4549 mercabilibus,
1041 4494 1068 4537 et
1086 4493 1203 4553 propter
1219 4480 1296 4534 Aeidi
1310 4483 1464 4550 sulphuricr

808 4552 916 4624 copiam
934 4549 1108 4604 excedentem
1123 4549 1149 4601 in
1167 4547 1234 4599 rasis
1249 4546 1302 4598 imo
1318 4549 1465 4618 plumbeis,

101 4611 281 4668 concrelas
327 4626 420 4671 nova
472 4594 759 4693 crystalllsililollfl
809 4617 1085 4686 simajaremrnolem
1096 4612 1464 4694 parandurnspeetas.Nuu·

97 4693 146 4776 ¹de
174 4719 247 4765 ura.
273 4696 308 4764 Si
327 4695 444 4768 lixivia
462 4697 580 4767 matris
597 4693 655 4765 vel
674 4718 760 4788 cry-

97 4720 190 4870 stalli
229 4790 389 4866 calorem
420 4792 552 4868 flavum
584 4790 760 4867 induerint

810 4702 894 4756 quam
911 4682 978 4735 hacc
996 4690 1122 4753 operatio
1140 4676 1304 4753 mesescllrt.
1338 4678 1465 4749 sulphur

808 4751 862 4803 hac
879 4745 977 4818 Oxyda
994 4745 1146 4800 immixtam
1164 4741 1200 4795 ml
1215 4752 1311 4806 nocet,
1335 4761 1384 4797 nee
1401 4764 1466 4817 pm.

810 4817 883 4872 tinus
898 4813 1072 4885 respiciatur.
1105 4811 1138 4865 ln
1152 4807 1276 4880 paranda
1293 4808 1391 4880 Oxyda
1405 4816 1467 4868 Sul.
