3550 5417
393 314 600 384 rrxrvruu
625 310 887 381 orusrrcuu
913 304 1202 377 vacuamur
1256 268 1259 277 “

120 496 152 586 †
184 484 430 564 lelVlUM
467 480 775 559 CAUSTICUM

120 581 478 663 vacaremus·
490 581 675 679 depluunt.
693 579 774 653 Po-

311 692 412 757 lus-re
443 680 609 778 liquide..

155 826 281 886 Suana.-
306 815 417 933 ¹⁴¹¹qt¹⁰¹t
439 811 502 865 Rati
528 808 637 888 eaustiei
653 826 673 860 e.
699 806 775 878 puri,

124 886 237 937 Potesne
263 897 334 950 pura
362 877 470 950 rqurda,
505 879 535 929 Li
559 893 611 927 uor
636 874 776 936 Poteasae,

123 955 206 1019 Aqua
230 950 377 1024 {fotrum
411 945 517 1020 Liquor
569 938 671 1016 ydratie
689 937 777 1012 italici,

124 1018 208 1131 Aqua
233 1013 322 1063 lirina
350 1017 483 1071 caustica,
514 1005 622 1058 Solutto
649 1002 776 1071 Hydram

123 1079 221 1141 bairi,
246 1073 377 1127 Lixiriurn
400 1071 617 1141 Saponariorum
642 1069 685 1131 (in
709 1068 777 1120 Ger·

124 1142 243 1207 mania).
263 1140 452 1208 louqrnuollet,
470 1135 696 1205 depiabssfiiilqltit.
719 1136 777 1186 Po·

102 1215 201 1264 -taue
225 1210 328 1275 liquide
359 1207 376 1257 ri
399 1211 428 1258 ta
450 1208 559 1268 etcum,
590 1204 704 1254 bessiae
729 1203 778 1252 dee

361 1272 544 1323 sosannim.

128 1384 210 1453 Rec
235 1381 397 1449 Cinerum
420 1374 688 1446 clavellatorum
709 1368 780 1443 de-

213 1472 570 1571 puratorum·Libras
594 1469 699 1557 duas,

176 1573 321 1644 immitte
344 1571 377 1640 in
400 1572 611 1664 sartaginem
628 1566 779 1637 ferream

177 1670 290 1741 lusam
327 1667 435 1737 altam
469 1691 534 1736 nec
563 1666 665 1734 nimis
697 1688 781 1733 am-

182 1767 288 1863 plam,
305 1761 479 1859 operculo
493 1766 574 1833 item
589 1760 707 1832 ferreo
722 1760 782 1829 in-

179 1879 358 1948 structam,
376 1876 409 1930 et
429 1858 569 1931 affunde

196 1967 317 2056 Aquae
326 1983 454 2030 comm.
469 1956 593 2026 Libras
604 1954 731 2048 viginti.

180 2049 784 2128 Miscelaca'lefiatadebullitionem.

186 2151 367 2224 Interdum
384 2154 501 2246 recipe

209 2249 389 2320 Calcariae
402 2264 496 2318 ustae
507 2245 651 2317 Libram
668 2267 786 2330 unam,

185 2345 324 2437 affunde
342 2353 465 2441 Aquae
482 2343 675 2414 communis
690 2342 786 2434 tepi-

186 2440 253 2515 dae
269 2443 394 2512 Libras
418 2458 486 2513 tres
509 2456 542 2510 et
554 2463 698 2534 sepone,
714 2435 787 2507 do-

183 2564 270 2626 nec,
291 2539 550 2610 effervescentia
569 2535 678 2621 finita,
699 2532 788 2605 Cal-

186 2638 277 2707 caria
305 2635 409 2733 pultis
439 2631 665 2705 mollissimae
699 2654 789 2725 spe-

186 2737 277 2804 ciem
309 2758 395 2828 prae
417 2756 455 2802 se
480 2730 578 2801 ferat.
621 2727 789 2799 Solutiom

189 2829 363 2901 interdum
373 2822 685 2899 fervefactaeadde
701 2824 789 2920 pul-

187 2930 231 2998 tis
255 2927 427 2997 calcariae
452 2940 585 3021 partem
614 2921 788 2991 decimam

191 3022 247 3094 vel
265 3021 530 3105 duodecimam,
563 3035 596 3091 et
620 3017 789 3114 operculo

189 3122 355 3218 imposito
367 3142 484 3214 coque
502 3143 564 3216 per
578 3117 706 3185 minuta
720 3113 791 3186 ali-

189 3234 294 3310 quot,
336 3232 371 3286 ut
402 3213 562 3285 Calcaria
600 3209 788 3283 carbonica

190 3317 288 3383 enata
307 3314 340 3382 in
351 3310 503 3408 pulveris
515 3310 688 3381 densioris
698 3333 786 3379 cou-

189 3411 374 3480 sistentiam
405 3423 512 3479 coeat
561 3409 650 3476 Tum
671 3404 791 3475 denuo

192 3504 285 3577 adde
304 3505 482 3576 Calcariae
504 3520 652 3597 partem,
678 3518 711 3574 et
734 3505 793 3588 ita,

192 3605 281 3673 inter
330 3600 505 3673 assiduam
553 3598 792 3672 ebullitionem

192 3724 318 3795 perge,
335 3698 449 3770 donec
465 3698 532 3769 sub
552 3698 658 3769 finem
671 3700 795 3792 liquo-

191 3799 237 3867 ris
247 3796 466 3893 portiuncula
482 3811 617 3867 exemta
627 3819 704 3863 com
718 3796 796 3863 aci-

192 3891 241 3966 do
285 3895 412 3989 quovis
457 3892 646 3964 excedente
691 3894 795 3961 mixta

191 3990 489 4064 effervescentiam
533 4014 603 4062 nou
645 3986 796 4084 amplius

194 4091 290 4160 eieat
407 4090 410 4097 ’

241 4184 385 4257 Miscela
407 4186 442 4254 in
465 4182 591 4255 eadem
608 4184 795 4279 sartagine,

192 4281 365 4377 operculo
385 4297 506 4354 exacte
528 4282 712 4374 imposito,
733 4293 797 4350 stet

118 4476 121 4483 ,
194 4403 260 4475 per
285 4376 393 4452 boras
424 4402 487 4451 sex
511 4376 567 4449 vel
598 4393 699 4463 octo,
740 4374 796 4446 vel

195 4499 261 4571 per
290 4491 446 4564 noctem,
489 4490 526 4545 ut
562 4471 796 4547 sedimentum

194 4569 389 4643 calcareum
414 4571 560 4644 fundum
586 4586 698 4669 petat3
722 4593 796 4666 quo

198 4668 292 4740 tacto
310 4670 426 4766 liquor
438 4668 605 4773 limpidus
621 4691 797 4769 superna-

1405 301 1475 374 531

872 496 946 552 tans
962 477 1119 575 siphonis
1137 478 1253 563 vitrei,
1272 474 1360 547 tubo
1373 477 1475 574 aspi-

874 580 1004 650 ratorio
1029 579 1192 647 instructo
1218 571 1297 665 (vel
1319 572 1393 643 tubi
1415 574 1476 644 vi·-

873 678 936 747 trei
958 675 1110 758 incurvi,
1137 698 1155 742 a
1210 669 1355 766 apleni,
1404 672 1476 765 '0'-

872 775 987 869 tisque
1005 698 1210 852 claudendi)
1228 791 1297 862 ope
1317 769 1353 837 in
1368 765 1475 859 lage-

874 894 936 941 nas
966 867 1056 939 bene
1082 863 1300 938 obturandas
1335 860 1476 964 perdu-

876 983 983 1038 catur.

934 1061 1172 1133 Sedimentom
1221 1056 1337 1127 denuo
1395 1080 1476 1127 cum

877 1165 998 1255 Aquae
1015 1156 1131 1230 Libris
1148 1179 1209 1226 sex
1228 1153 1286 1225 vel
1307 1168 1388 1224 octo
1408 1176 1478 1223 co-

877 1272 1006 1354 quatur
1031 1279 1096 1352 per
1118 1250 1346 1343 quadrantem
1367 1247 1478 1319 borae

877 1370 911 1426 et
925 1354 1044 1451 liquor
1065 1347 1287 1423 subsidentia
1308 1343 1481 1441 limpide-

876 1452 987 1522 factus
1006 1447 1135 1520 eodem
1156 1442 1266 1516 modo
1286 1445 1321 1513 in
1339 1443 1481 1540 lagenas

876 1545 1125 1620 transducatur.

927 1645 1102 1740 Liquores
1124 1642 1160 1710 in
1184 1637 1319 1730 lagenis
1343 1631 1482 1704 collecti

882 1756 916 1811 et
941 1741 1068 1811 servati
1090 1743 1127 1807 in
1147 1733 1273 1807 eadem
1297 1732 1481 1826 sartagine,

880 1836 1075 1910 sedimento
1112 1832 1272 1904 calcareo
1306 1825 1482 1899 interdum

880 1936 1029 2031 rejecto,
1068 1928 1112 2000 ad
1139 1931 1267 2025 justam
1291 1922 1485 2018 spissitudi-

882 2056 964 2103 nem
990 2033 1071 2126 igne
1099 2026 1179 2097 forti
1202 2036 1416 2118 evaporent,
1450 2036 1485 2090 et

884 2143 965 2226 post
975 2126 1199 2223 refrigerium
1212 2122 1246 2189 in
1258 2116 1386 2191 eodem
1404 2140 1485 2188 vase

885 2223 1044 2321 siphonis
1074 2221 1171 2293 vitrei
1197 2243 1267 2313 ope
1285 2218 1318 2285 in
1342 2214 1486 2311 lagenas

884 2326 1133 2423 perducantur,
1148 2320 1184 2386 in
1200 2313 1327 2412 quibus
1342 2335 1487 2382 servan·

886 2420 924 2493 di
943 2435 1030 2493 sunt.

877 2538 926 2598 Sit
944 2534 1044 2618 liquor
1064 2526 1226 2609 limpidus,
1248 2524 1362 2605 absque
1380 2520 1488 2579 colore

838 2631 890 2679 ont
908 2637 1014 2696 parum
1030 2620 1146 2672 tanturn
1161 2604 1338 2676 florescens,
1350 2601 1387 2660 ab
1401 2600 1488 2660 acido

780 2728 788 2742 ·
839 2700 1021 2770 carbonico,
1049 2691 1134 2776 quod
1158 2689 1253 2749 acidis
1274 2682 1417 2746 admixtis
1440 2699 1489 2740 ex·

840 2783 996 2861 ploratur,
1018 2783 1162 2857 qnantum
1181 2766 1249 2829 lieri
1274 2774 1377 2843 potest
1402 2762 1488 2822 liber.

841 2861 939 2923 Pond.
967 2875 1051 2937 spec.
1087 2848 1334 2929 ι,33ο-ι,340.
1393 2842 1490 2903 Acido

841 2941 1020 3022 sulphurtco
1040 2947 1133 3017 etque
1149 2927 1324 2998 muriatico,
1347 2944 1384 2982 er
1401 2925 1489 2983 Cine-

841 3025 926 3082 ribus
952 3017 1107 3089 oriundis,
1138 3032 1198 3073 non
1226 3007 1313 3068 nimis
1333 3009 1372 3066 ait
1395 3005 1491 3083 inqui·

841 3115 954 3163 natum.
1305 3102 1308 3107 '

886 3204 976 3263 Usus:
1008 3214 1064 3273 pro
1084 3187 1200 3269 Lepide
1220 3182 1354 3245 caustico
1372 3180 1492 3241 chirur-

842 3300 962 3364 gorum,
977 3276 1124 3337 Tinctum
1137 3263 1298 3328 Antimonii
1311 3260 1390 3335 acri;
1407 3279 1492 3339 prac-

843 3360 954 3442 paratis
972 3355 1116 3417 chemicis
1145 3347 1325 3431 permultia3
1355 3340 1492 3422 injectio·

844 3442 933 3503 nibus
949 3440 1142 3499 admiscetur.

876 3537 989 3593 Plurimi
1016 3533 1145 3598 Codices,
1168 3543 1255 3601 quum
1283 3525 1311 3578 in
1338 3517 1494 3596 ponderum
1581 3580 1583 3585 .

845 3606 996 3684 rationibus
1022 3600 1088 3716 sipia
1104 3596 1280 3706 discrepent?l
1297 3591 1367 3707 qqepr
1386 3584 1495 3703 poqupi

844 3671 1368 3805 tttt'lttttt,tt'tttatttntt
1381 3669 1495 3792 illia.

845 3802 900 3855 det.
942 3800 999 3849 Vno
1022 3796 1153 3868 vitream,
1185 3737 1267 3865 quod
1284 3799 1372 3855 equae
1397 3782 1496 3835 Uerres

845 3878 902 3945 tres
922 3862 1008 3940 capit,
1029 3858 1121 3935 biritu
1134 3854 1244 3907 cauattci
1262 3869 1287 3905 m
1305 3845 1496 3965 eodeglpqlp.

845 3914 1497 4065 ildloiadidbbiiilullslddliti'eogretaliliii‘caustici

845 4041 1497 4181 titt,ttttttttt:tttttttlttlbtttt

845 4192 979 4244 defectam
1001 4175 1363 4255 decantbationetocparari.
1400 4170 1498 4283 ppei-dai

846 4246 1498 4380 {ttttutttt‘ttttttl'ttttttdtttb

845 4401 934 4458 quare
953 4384 1015 4438 huie
1037 4373 1205 4461 procedendi
1229 4367 1358 4451 methodo
1379 4380 1434 4417 non
1458 4377 1498 4414 aa·

846 4450 1000 4527 sentimur.¹
1014 4443 1147 4501 erivium
1167 4440 1285 4517 ebemree
1301 4441 1499 4546 purpppwqpbap⁸

846 4507 1348 4649 dibidlirilibnildpusrlitidrddbibbulilbin
1364 4513 1413 4632 dat.
1436 4553 1498 4606 Cal·

846 4647 936 4702 cariae
950 4655 981 4699 ut
994 4658 1077 4714 quam
1089 4649 1196 4690 minima
1214 4646 1279 4703 pare
1299 4623 1429 4703 spssteut,
1454 4634 1498 4670 ex-

846 4707 986 4785 tinguendi
1012 4700 1169 4763 metbodm,
1198 4709 1282 4766 qnam
1312 4684 1497 4747 indicavimus,
