3550 5417
318 330 395 404 434
458 323 635 395 FLORES
655 318 903 391 SULPHURIS
924 315 1169 389 COMPOSITI
1187 355 1235 370 -
1254 313 1433 386 emaus
1458 315 1583 386 ZINCI

364 506 488 556 mortus
516 501 694 552 socanuuts
724 498 924 556 cottrosm,
957 516 975 546 t.
1028 490 1201 554 calcinatum,
1210 487 1323 541 Zincum
1331 486 1480 559 oxydatum
1494 487 1599 555 album,
1610 487 1684 558 Oxy·

327 573 447 623 Pulvis
469 567 652 634 Sulplruria
675 564 883 629 compositus
913 562 977 623 (Pb.
1028 553 1178 608 dumZinei
1194 570 1245 620 per
1259 552 1609 624 te,015dumZincicum,
1625 556 1684 608 Mt·

324 642 444 699 Brun),
475 634 607 698 Species
630 632 893 693 Riecte—pictae
919 630 976 692 qui·

326 707 440 755 busdam.
469 695 706 761 Baltmmrngeiebtt
719 693 947 757 contribuam.

1044 621 1168 675 interium
1183 618 1260 672 Zinci
1275 631 1382 685 udum,
1406 622 1475 675 Calx
1495 619 1582 686 Zinci,
1610 620 1685 673 Oxo·

1047 704 1076 742 ca
1097 686 1172 740 Zinci
1196 684 1306 753 album,
1331 686 1445 740 Zincum
1469 685 1617 755 oxydatura
1639 686 1685 739 ria

358 772 415 819 lice.
432 766 535 816 Florum
551 765 687 829 sulphuris
705 762 817 811 lotorum
835 766 897 812 Une.
910 764 978 818 dm,
1028 756 1100 809 ticet
1119 772 1140 810 t.
1162 768 1212 823 pet·
1229 751 1435 806 calcinationetn
1452 763 1586 813 paratum.
1614 754 1686 814 sslt'dt

323 836 414 896 Alcis,
430 834 547 899 Myrrhae
563 832 670 883 iiiior.
686 844 782 887 unam,
800 829 874 877 Croci
891 831 979 891 Serup.
1028 828 1100 888 crab.
1126 820 1245 884 Biniomb
1266 822 1310 884 ttttl
1330 817 1552 890 tardatn'ttttge.
1585 824 1685 887 ΟΜ

323 919 420 957 nuum,
436 917 472 947 ut.
483 927 514 940 -
527 897 592 948 Vir.-
611 911 730 960 purgam,
741 895 867 959 digestiva.
889 894 978 944 Utus:
1028 894 1063 943 dc
1079 890 1167 955 Zt'ttc,
1184 889 1340 954 Maqittire
1360 891 1394 940 de
1413 891 1493 943 Zt'ttc.

323 970 350 1015 in
366 965 509 1029 cardialgia,
529 962 701 1012 obstructione
714 952 876 1008 alvi-Pb.
895 957 977 1008 Dan.

324 1020 980 1097 (1772),flann.e11ttsp.ssrun0v.me·
1028 1010 1112 1079 Rec
1151 1004 1249 1076 Zinci
1276 1004 1451 1101 purioris,
1485 1003 1521 1073 in
1540 999 1685 1074 frustula
1727 1064 1731 1072 ,

324 1108 425 1166 petunt.

323 1237 533 1318 FLORES
566 1234 861 1315 SULPHURIS
887 1234 980 1312 Lo-

325 1340 390 1415 ΤΙ.
437 1336 632 1436 oretanae
665 1333 979 1431 &dmefetbtuntetc

387 1436 529 1513 Flcurs
549 1439 595 1511 dc
614 1435 761 1535 Scrofae
781 1437 915 1509 lane'as.

358 1566 392 1613 ar
418 1572 483 1611 otc:
500 1551 626 1622 Sulphur
641 1550 808 1623 depuratum
817 1552 914 1606 lotum.
929 1550 980 1608 oe:

325 1575 454 1693 redditura
471 1621 602 1690 &ductet

373 1718 499 1791 Flores
521 1710 710 1815 sulphuris
736 1708 878 1784 venales
898 1713 981 1813 pri-

324 1843 422 1889 mum
436 1839 514 1886 cum
526 1828 650 1884 octava
661 1814 801 1883 circiter
813 1812 868 1883 sui
881 1836 981 1909 pon-

314 1914 421 1995 deris
446 1926 549 2014 parte
574 1917 697 2007 Aquae
721 1913 921 1981 communis
946 1910 980 1980 in

326 2011 463 2114 pultem
486 2006 632 2081 mollem
655 2007 890 2104 aequabiliter
908 2006 982 2079 hu-

328 2122 512 2181 mectatam
537 2119 776 2194 conterantur,
802 2120 875 2175 tum
900 2131 982 2176 ma-

325 2211 407 2307 jore
434 2208 538 2303 copia
567 2211 689 2302 Aquae
722 2207 922 2276 communis
946 2206 981 2275 in

316 2307 420 2380 ¹vasis
447 2302 642 2400 capacibus
662 2301 756 2374 bene
779 2305 898 2400 agitati
918 2330 982 2376 re-

326 2406 438 2509 petite
454 2401 660 2483 abluantur,
679 2397 795 2472 donec
813 2401 860 2473 ab
877 2401 980 2474 acido

329 2501 542 2575 adhaerente
567 2498 722 2597 perfecte
739 2498 878 2572 liberati
895 2503 981 2581 sint;

328 2607 428 2700 Aqua
449 2598 604 2694 denique
624 2612 788 2688 quantum
809 2596 886 2669 fieri
907 2624 982 2699 po-

328 2716 394 2773 test
409 2698 551 2787 defusa,
576 2695 787 2793 colligantur
798 2699 834 2767 in
846 2701 981 2770 manica

329 2798 433 2871 lintea
465 2795 522 2869 vel
546 2798 581 2867 in
604 2793 711 2868 linteo
743 2818 920 2893 expanso,
947 2812 982 2869 et

329 2922 439 2996 quum
455 2900 556 2993 Aqua
581 2892 673 2966 bene
702 2896 858 2989 guttatim
887 2922 980 2968 ema·

328 2996 484 3079 naverit,
508 2996 543 3065 in
569 2991 671 3094 prelo
698 2990 837 3064 fortiter
863 2997 982 3093 expri-

328 3112 486 3184 mantur,
511 3095 687 3165 siccentur
704 3094 849 3193 optime,
874 3110 908 3167 et
918 3119 983 3190 per

328 3192 486 3267 cribrum
504 3191 636 3288 trajecti
647 3192 682 3262 in
699 3213 784 3263 vase
800 3189 894 3264 bene
907 3192 983 3266 ob-

326 3308 439 3365 turato
470 3305 663 3363 serventur.
710 3342 714 3349 -

373 3392 423 3452 Sit
447 3389 550 3471 putris
571 3388 724 3449 dilutioris
750 3389 865 3450 coloris
890 3412 981 3470 quam

330 3471 467 3553 Sulpbur
494 3472 673 3551 depuratum
706 3490 766 3530 non
801 3472 918 3547 lotum,
950 3485 982 3532 et

330 3553 412 3615 acidi
440 3553 567 3613 omnino
597 3571 725 3633 expers,
761 3554 843 3635 quod
878 3554 981 3616 charta

331 3633 477 3699 caerulea
491 3637 587 3694 tincta
604 3634 790 3714 exploratur.
820 3637 870 3697 De
887 3640 984 3719 qnali-

329 3717 445 3780 tatibna
463 3716 609 3778 chemicis
629 3714 737 3777 conler
755 3718 784 3794 1,
802 3740 832 3800 p.
847 3719 917 3793 343.

372 3805 444 3863 Vis:
471 3799 629 3877 incidens,
662 3799 837 3875 resolvens,
863 3803 984 3883 laxans,

328 3879 548 3963 diaphoretica.

376 3970 469 4029 Urna:
498 3968 534 4023 ln
558 3960 778 4025 affectionibus
805 3967 983 4028 catarrbali·

329 4046 407 4122 bus,
439 4044 651 4122 rheumaticis,
685 4046 871 4126 arthriticia,
913 4050 982 4111 bae-

330 4126 560 4191 morrhoidibns
567 4150 576 4205 3
588 4138 692 4188 contra
700 4128 834 4190 scabiem
844 4143 971 4192 externe

362 4205 462 4259 Floret
477 4204 627 4274 sulphuris
644 4203 693 4258 loti
714 4205 818 4275 optimc
834 4211 981 4274 siccentur,

327 4288 363 4329 ne
377 4272 477 4325 iterum
496 4270 568 4325 airis
577 4280 704 4324 contactu
715 4283 850 4326 acescant.
872 4278 983 4347 Aquam

328 4335 463 4391 fervidam
495 4334 625 4388 adhibere
656 4352 893 4407 supervacaneum
925 4351 983 4411 eat,

330 4420 418 4476 quum
435 4399 534 4474 frigida
551 4399 660 4455 sufficit.

328 4518 537 4597 FLORES
564 4517 724 4596 ZINCI.
757 4520 982 4612 dittttttatea.

471 4617 625 4694 Fletus
649 4620 696 4694 dc
714 4618 828 4697 Zinc.

361 4738 487 4808 §pnom
504 4728 626 4784 Nibilum
642 4729 753 4801 album,
770 4734 845 4788 Lana
883 4731 982 4796 biloso·

327 4793 425 4865 pbtca,
442 4796 629 4871 Pompholpx,
653 4797 842 4872 Lunafixata,
888 4802 895 4816 ’
916 4820 983 4861 cum

1079 1106 1226 1176 Unciam
1243 1098 1424 1173 dimidiam
1440 1100 1499 1174 vel
1513 1103 1685 1197 integram

1080 1203 1269 1300 aequantia
1301 1201 1523 1290 comminuti,
1561 1224 1686 1297 quan-

1079 1318 1152 1372 tum
1178 1323 1244 1372 vra.

1111 1416 1260 1485 immitte
1288 1409 1455 1484 nonnulla
1478 1410 1624 1483 frustula
1649 1415 1685 1483 in

1080 1509 1308 1585 crucibulum
1351 1512 1553 1582 Hassiacum
1602 1511 1683 1582 satis

1079 1608 1237 1709 amplum
1270 1625 1374 1707 atque
1399 1609 1505 1681 altum
1532 1625 1566 1681 et
1587 1634 1685 1680 non-

1078 1708 1165 1782 nihil
1190 1707 1333 1780 inlatus
1352 1706 1572 1797 inclinatum,
1597 1709 1684 1778 inter

1080 1808 1253 1882 carbones
1284 1805 1473 1880 candentes
1508 1809 1684 1906 positum,

1080 1924 1114 1980 et
1126 1910 1244 2006 ignem
1264 1930 1352 2003 urge
1368 1903 1483 1977 donec
1500 1900 1682 1977 metallum

1079 2004 1172 2093 fluat,
1184 2002 1326 2076 tandem
1339 2008 1374 2075 in
1389 2002 1570 2076 flammam
1582 2025 1684 2076 sma-

1078 2102 1264 2201 ragdinam
1283 2118 1465 2203 erumpat,
1491 2120 1525 2176 et
1540 2105 1574 2174 in
1590 2099 1683 2174 floc-

1079 2225 1142 2275 cos
1161 2200 1264 2274 albos
1280 2201 1425 2299 fugaces
1443 2216 1683 2292 concertatum

1078 2318 1153 2374 tum
1171 2304 1373 2398 imponatur
1389 2296 1683 2372 crucibulumal-

1079 2416 1195 2473 terum
1212 2402 1406 2487 inversum,
1428 2398 1610 2487 cavendo,
1635 2422 1681 2469 ne

1080 2501 1170 2570 aeris
1205 2495 1481 2599 atmosphaerici
1521 2518 1681 2570 accessus

1079 2597 1224 2669 omnino
1262 2622 1306 2668 eo
1343 2594 1599 2692 praecludatur.
1647 2595 1681 2666 si

1078 2694 1221 2768 flamma
1247 2697 1391 2767 extincta
1419 2693 1543 2784 fuerit,
1565 2695 1681 2765 cruci-

1080 2792 1207 2867 bulum
1237 2816 1277 2865 su
1307 2794 1403 2866 erius
1426 2794 1541 2882 aufer,
1572 2807 1682 2887 atque

1080 2917 1153 2996 ope
1187 2818 1381 2964 cochllraris
1416 2891 1522 2966 ferrei
1559 2888 1681 2962 Floras

1080 2992 1178 3063 Zinci
1208 2987 1350 3064 metallo
1379 2990 1458 3063 fuso
1490 2995 1681 3063 innatantes

1082 3089 1265 3188 absterge,
1286 3116 1357 3187 quo
1385 3087 1477 3161 facto
1500 3086 1682 3161 metallum

1079 3191 1204 3262 iterum
1231 3185 1407 3260 ssanrmam
1434 3190 1620 3289 corripiet,
1651 3201 1684 3257 et

1080 3312 1175 3360 nova
1191 3286 1302 3383 Oxydi
1320 3290 1423 3384 copia
1441 3287 1683 3358 combustione

1082 3384 1314 3459 extricabitur.
1368 3389 1464 3459 Haec
1504 3387 1684 3488 operatio,
1740 3433 1746 3442 -

1081 3483 1236 3557 frustulis
1253 3488 1349 3557 Zinci
1366 3483 1541 3559 interdurn
1554 3488 1589 3556 in
1600 3508 1686 3555 ctu-

1082 3582 1247 3656 cibulum
1282 3586 1472 3682 conjectis.
1506 3599 1686 3686 repetatur

1083 3700 1189 3780 atque
1201 3681 1427 3780 producatur,
1440 3682 1565 3773 donec,
1577 3684 1684 3753 Zinco

1081 3806 1126 3855 ex
1143 3798 1220 3853 toto
1242 3784 1276 3852 in
1295 3781 1475 3854 crucibulo
1492 3795 1687 3867 consumto,

1078 3882 1175 4051 {usta
1196 3879 1307 3954 moles
1325 3878 1688 3981 praeparatiobtenta

1098 3981 1194 4052 uerit

1132 4092 1293 4191 Oxydnm
1312 4096 1487 4191 impurum
1502 4090 1560 4164 tali
1570 4087 1686 4163 modo

1081 4209 1336 4294 praeparatum
1359 4196 1391 4264 iu
1414 4193 1579 4265 mortario
1598 4213 1689 4283 por-

1082 4290 1241 4365 cellaneo
1264 4318 1343 4364 cum
1363 4299 1464 4390 Aqua
1483 4316 1568 4389 pura
1584 4304 1688 4361 tera-

1082 4406 1159 4475 tur,
1188 4407 1221 4464 et
1249 4391 1428 4464 levissima
1455 4415 1555 4493 pars,
1587 4411 1687 4485 quae

1083 4488 1132 4561 ab
1153 4495 1257 4589 Aqua
1279 4516 1363 4564 mox
1391 4507 1484 4563 mota
1515 4509 1687 4584 dispensa

1081 4602 1233 4681 tenetur,
1258 4588 1475 4665 effundendo
1491 4589 1525 4661 in
1541 4610 1603 4659 vas
1625 4583 1687 4657 al-

1079 4702 1194 4761 terum
1202 4707 1394 4789 nepai-etta.
1409 4686 1601 4763 Residuum
1613 4687 1691 4757 ite·-

1080 4814 1162 4862 rum
1174 4804 1319 4881 teratur,
1343 4812 1460 4890 netpte
1481 4803 1599 4867 tamea
1619 4806 1689 4859 as-
