3550 5417
375 329 550 402 mouns
575 284 705 403 zracr'
718 331 795 402 ru
818 332 1002 403 neuim
1026 334 1192 405 aaran

149 503 255 578 sidue
277 523 383 604 atque
403 506 555 597 fortiter,
587 535 632 580 ne
662 512 759 583 Zinci

151 602 319 677 metallici
335 604 527 701 particulae
540 605 758 681 elutriatione

150 705 381 804 abripiantur.
405 705 578 801 Liquores
596 705 757 780 turbidos

151 828 218 900 per
242 801 400 875 cribrum
423 818 598 874 setaceum
619 806 757 902 trajice,

154 898 384 973 sedisnentum
398 903 431 972 in
446 899 541 974 filtro
552 902 692 1000 collige,
711 920 755 999 et,

154 1004 435 1167 Aquaeguttata‚
457 1000 755 1075 calorearteiacto

154 1122 196 1168 ce
212 1100 311 1169 eriter
335 1101 486 1189 exsicca,
511 1124 556 1169 ne
577 1103 649 1173 Gas
671 1126 756 1173 car-

154 1193 321 1267 bonicnm
341 1223 384 1270 ex
403 1200 485 1269 aiire
503 1197 697 1297 colligatur.
719 1205 756 1271 ln

152 1292 334 1391 pulverem
366 1294 633 1368 subtilissimum
664 1322 756 1370 con-

152 1394 268 1464 tritum
284 1408 441 1465 servetur
461 1397 496 1464 in
512 1393 682 1491 lagenulis
699 1398 757 1469 vi-

150 1493 229 1565 treis
246 1494 391 1565 omnino
409 1490 553 1592 repletis
569 1509 602 1567 ct
622 1499 755 1593 optime

149 1590 285 1662 clausis.

204 1691 288 1759 Vis:
328 1688 641 1788 autispasmodica,
684 1717 754 1762 an-

104 1786 360 1877 thelmintbica,
396 1806 535 1861 externe
557 1790 752 1879 exsiccans,

100 1885 285 1961 roborans
435 1912 439 1917 ·

143 2003 191 2065 sit
208 2001 307 2081 pulvis
323 2000 427 2073 albus,
448 2001 629 2080 levissimus,
646 2004 752 2063 inodo·

102 2105 172 2154 rus,
200 2083 368 2162 insipidus,
399 2085 429 2144 in
465 2106 542 2167 aqua
570 2085 749 2148 insolubilis.

100 2164 343 2229 Excandelactns
360 2164 522 2239 flavescat,
543 2168 644 2227 denuo
661 2167 751 2228 relri.

98 2260 222 2330 geratur
255 2248 367 2309 iterum
401 2249 545 2309 albescat.
587 2250 619 2309 ln
651 2250 749 2311 Anido

97 2330 300 2415 sulphurieo,
331 2333 510 2404 muriatico,
539 2331 669 2403 uitrico,
690 2345 749 2394 cet.

99 2413 211 2496 absque
226 2412 464 2475 effervescentia
476 2414 622 2474 solvatur.
635 2412 748 2475 Affnso

100 2497 236 2577 Liquere
271 2496 348 2556 Salis
384 2495 576 2556 Ammoniaci
614 2499 748 2558 caustico

99 2577 336 2659 praecipitatum
355 2579 455 2638 album
473 2576 645 2652 efficiatur,
666 2579 746 2663 qnod

100 2660 220 2742 liquore
239 2661 408 2721 excedente
432 2660 536 2721 addito
558 2661 665 2721 iterum
688 2663 747 2721 sol-

100 2753 196 2805 vatur.
239 2746 263 2803 Α
288 2742 412 2803 Cadmio
437 2756 526 2826 atque
550 2743 681 2804 Plumbo
708 2744 748 2805 sit

99 2826 224 2884 omnino
246 2824 343 2897 liber,
372 2845 449 2907 quae
474 2827 593 2885 metalla
615 2829 645 2885 in
668 2827 747 2886 solu·

98 2909 183 2966 tione
193 2908 353 2966 muriatica
369 2927 429 2987 ope
441 2907 503 2966 Ges
519 2906 747 2984 hydrotbionici

100 2989 305 3067 explorantur.
353 2987 495 3068 Oxydum
525 2990 555 3048 in
586 2990 747 3052 crucibulo

100 3072 232 3150 primum
248 3070 421 3151 proiectum
438 3072 591 3132 interdum
607 3074 745 3134 colorem

99 3149 314 3213 {latescentem
347 3153 501 3212 rubellum
531 3153 648 3232 induit3
687 3155 746 3216 boc

99 3233 276 3313 rejiciatur,
299 3235 398 3294 donec
420 3254 517 3294 norae
539 3239 646 3318 copiae
671 3238 743 3317 (iri-

98 3316 258 3394 gciactae)
273 3318 420 3378 candidae
434 3330 609 3398 appareant.
646 3320 679 3381 Si
702 3321 746 3381 ni·

98 3400 153 3457 mis
177 3399 228 3459 din
250 3409 340 3482 atque
360 3398 389 3458 in
405 3401 491 3461 vitris
506 3421 602 3485 prave
622 3404 745 3467 munitis

96 3494 284 3541 asservatum
309 3482 421 3554 inerit,
450 3484 585 3564 suspicio
607 3485 745 3548 habenda

96 3565 164 3636 erit,
175 3562 358 3624 adulterium
369 3564 448 3624 acidi
463 3567 619 3627 carbonici
630 3570 743 3628 adesse.

97 3647 165 3704 Hoc
184 3643 420 3706 effervescentia
450 3668 521 3707 cum
547 3649 641 3710 acidis
661 3649 744 3710 inve·

96 3727 234 3806 stigatur,
248 3740 339 3811 atque
357 3729 611 3790 excandescentia
629 3734 659 3792 in
674 3752 744 3793 cru·

93 3809 196 3870 cibulo
218 3810 297 3870 bene
318 3811 422 3871 clauso
444 3812 622 3893 corrigitur.

108 3894 227 3973 ‘Omnes
241 3894 476 3967 Pharmacopoeae
493 3894 684 3967 b0001ydum
702 3896 744 3951 ria

96 3978 163 4013 steca
182 3973 308 4031 paratum
331 3970 516 4033 receperunt,
542 3963 663 4036 exeeptis
679 3980 745 4034 pau·

94 4024 133 4079 cis
155 4043 220 4079 voce
239 4027 400 4095 insequente
422 4027 619 4083 enumerandis.
655 4032 744 4101 Argu-

95 4102 215 4144 mentum
230 4093 280 4146 bac
292 4093 325 4146 de
342 4111 373 4148 re
387 4093 576 4165 gravissimum
593 4094 686 4149 afferri
699 4112 745 4165 po·

95 4166 157 4221 test,
171 4158 244 4237 quod
259 4158 385 4213 facillime
393 4172 590 4231 praeparatum
599 4160 744 4234 aequabile

95 4233 122 4275 et
137 4234 200 4276 satis
216 4242 326 4292 purum,
336 4224 418 4298 idque
429 4242 479 4278 usu
494 4227 625 4282 diuturno
640 4239 744 4300 specta·

95 4296 153 4340 tum
162 4300 245 4359 atqua
254 4295 401 4361 probatum
411 4291 565 4362 obtinetur,
579 4312 666 4366 quum
676 4311 743 4348 vero

94 4368 146 4422 per
162 4356 409 4427 praecipitationem
433 4360 547 4426 parandi
569 4361 673 4415 indoles
696 4360 742 4413 mi·

92 4422 417 4558 ppmhpoqopvqthqdorudqr
430 4424 587 4542 diversitqte
598 4426 743 4548 diacppepcq

259 4507 283 4541 ra
327 4508 381 4543 unu
478 4508 544 4545 aran
562 4508 582 4545 o
602 4512 648 4546 mu
673 4510 743 4546 raru

92 4547 222 4606 adulterii
242 4555 403 4633 periculum
423 4499 605 4613 ›subeundum
630 4570 689 4625 est,
715 4569 743 4611 et

91 4630 248 4689 praeparati
265 4621 353 4676 virtus
368 4624 468 4692 pendet
480 4641 513 4678 ex
528 4624 743 4694 sollertiamque

90 4683 290 4767 eonsuetudiaq
306 4690 527 4763 pharmacopoei,
540 4690 617 4762 qued
631 4693 742 4769 qqidem

1393 338 1467 413 485

850 511 1016 575 FLORES
1042 513 1152 575 ZlNGi
1186 513 1257 576 Vts
1295 514 1461 577 fluetus

809 597 981 671 PARATl,
1011 598 1292 677 Magisterium
1323 598 1460 676 Zinci;

808 676 846 737 de
868 681 980 739 ceteris
996 678 1175 759 Synonymis
1195 678 1266 737 ride
1281 697 1388 739 vocem
1407 699 1459 741 an·

806 758 1013 820 tscedentem.
1040 761 1177 833 gueserna
1193 764 1245 835 nui
1256 758 1354 838 uestem
1365 760 1457 839 ideae,

805 843 883 915 turb
899 844 1020 918 &istunc
1034 844 1168 903 betritrtes
1184 843 1331 917 Sialetae.
1358 847 1459 907 Ocide
1561 910 1568 923 ,

913 930 950 986 de
964 926 1041 985 Zinc
1076 948 1111 985 ur
1126 926 1347 1006 precipitation.

837 1005 903 1059 Rec.
922 1006 1026 1060 salies
1066 1021 1097 1057 ae
1115 1004 1288 1074 crystallrsati
1306 1012 1391 1067 (Natri
1404 1027 1457 1060 car·

806 1077 893 1125 boniet
908 1084 993 1141 myrei
1004 1070 1117 1124 Libram
1129 1088 1222 1133 unam,
1236 1071 1312 1123 solve
1321 1071 1347 1123 in
1361 1076 1457 1142 Aquae

805 1133 957 1190 destillatae
977 1137 1069 1190 Libris
1091 1153 1145 1190 sex.
1180 1137 1289 1190 Salutio
1314 1135 1341 1188 in
1368 1137 1458 1206 patina

804 1205 981 1320 porcellanea
992 1202 1052 1265 (vel
1060 1210 1203 1273 argentea)
1218 1202 1324 1255 calefiat
1334 1201 1367 1253 ad
1381 1203 1458 1255 ebui-

816 1267 935 1322 itionem.
978 1270 1050 1321 Tum
1077 1284 1202 1321 seorsum
1227 1267 1323 1339 recipe
1348 1266 1458 1321 Vitrioli

805 1333 878 1387 Zinci
903 1335 963 1404 puri
988 1334 1162 1404 crystallisati
1187 1340 1251 1396 (vide
1269 1340 1333 1387 trane
1354 1347 1457 1397 vocem)

804 1400 919 1454 Libram
935 1417 1034 1465 unam,
1051 1400 1128 1453 solve
1145 1400 1172 1451 in
1187 1403 1286 1471 Aquae
1299 1398 1392 1452 Libris
1411 1399 1459 1452 tri·

804 1466 857 1518 bus
899 1467 931 1519 In
953 1464 1070 1518 mediam
1091 1465 1255 1518 solutionem
1278 1464 1348 1518 Salis
1367 1463 1458 1518 Sodae

804 1531 966 1585 bullientem
980 1533 1052 1585 inter
1068 1530 1205 1584 assiduam
1220 1549 1234 1583 a
1255 1530 1391 1583 itationem
1426 1548 1459 1584 er

806 1596 879 1651 sires
900 1597 999 1650 instilla
1020 1592 1211 1669 portiunculas
1235 1549 1384 1672 §elutionis
1406 1548 1457 1649 bsi-

806 1663 878 1716 trioli
896 1663 986 1727 Zinci,
1003 1661 1140 1716 interdum
1163 1662 1297 1715 instillare
1314 1660 1458 1727 deomena,

804 1726 892 1781 donec
907 1728 1119 1799 praecipitatum
1136 1728 1251 1797 primum
1265 1724 1399 1780 tumidum
1418 1738 1457 1781 at·

804 1810 858 1865 que
870 1791 1018 1847 tloccosum
1029 1794 1152 1847 coctione
1160 1794 1187 1845 in
1203 1793 1345 1864 pulverem
1357 1808 1457 1865 aequa-

802 1858 885 1917 bilem
901 1856 1035 1930 dilapsum
1049 1862 1090 1913 sit.
1117 1859 1176 1910 Tali
1191 1857 1273 1911 modo
1290 1874 1390 1975 perqe,
1409 1858 1456 1911 do·

802 1942 853 1978 nec
867 1924 962 1979 charta
973 1929 1090 1979 Laemus
1106 1925 1295 1995 exploratoria
1312 1941 1346 1975 ru
1367 1925 1456 1977 efacta

802 2006 817 2043 a
836 1990 947 2062 liquore
970 1992 1078 2045 fervido
1099 2008 1154 2043 non
1176 1991 1291 2059 amplius
1312 1989 1338 2042 in
1359 2006 1454 2043 coeru-

802 2057 875 2110 leum
893 2067 1026 2114 vertatur.
1060 2056 1202 2111 Miscelam
1217 2054 1356 2109 turbidam
1372 2057 1399 2108 in
1414 2056 1456 2109 iil·

801 2132 876 2175 trum
892 2124 1012 2191 conjice,
1030 2133 1058 2177 et
1074 2120 1254 2176 sedimentum
1271 2137 1343 2191 aqua
1365 2122 1455 2174 destil-

801 2187 856 2243 lata
872 2189 1004 2257 (fervida,
1016 2191 1038 2243 si
1054 2186 1147 2251 adest)
1166 2188 1347 2258 optimelava‚
1359 2205 1454 2258 quam·

801 2252 847 2308 diu
861 2254 957 2326 liquor
973 2272 1025 2327 per
1036 2256 1140 2308 filtrum
1156 2262 1344 2325 transgressus
1359 2271 1375 2305 a
1388 2254 1454 2307 Sale

800 2320 895 2400 quovis
910 2320 1035 2390 barytico
1047 2319 1186 2374 turbatur.
1210 2318 1423 2373 Sedimeatumo
1444 2350 1453 2360 ·

799 2396 864 2439 teme
890 2387 995 2440 elotum
1022 2384 1160 2451 siccetur,
1193 2396 1221 2438 et
1249 2384 1276 2437 in
1306 2340 1452 2437 crucibulo

799 2453 929 2506 Hassiaco
942 2469 1023 2519 novo,
1038 2451 1109 2505 bene
1123 2448 1250 2522 tegendo,
1263 2449 1335 2503 inter
1349 2467 1453 2521 prunas

799 2517 928 2572 ardentes
946 2518 1081 2573 lenissima
1095 2515 1230 2570 rubedine
1244 2525 1352 2583 uratur,
1364 2516 1453 2570 donec

798 2583 922 2655 pulveris
951 2584 1125 2655 portiuncula
1147 2599 1163 2635 e
1187 2580 1276 2634 medio
1304 2580 1450 2636 crucibulo

798 2661 922 2715 exemta,
939 2667 1002 2703 cum
1018 2647 1095 2703 acido
1112 2647 1256 2701 muriatico
1272 2648 1353 2702 mixta
1372 2648 1451 2700 effer·

799 2717 962 2770 vescendam
976 2733 1033 2769 non
1047 2713 1163 2784 amplius
1176 2714 1254 2769 cisat.
1273 2715 1409 2768 Servetur
1422 2713 1451 2766 in

799 2780 868 2834 rasis
883 2781 978 2836 vitreis
999 2779 1101 2851 optime
1117 2780 1262 2833 clausis·
1274 2784 1321 2836 Vis
1334 2790 1362 2835 ct
1379 2786 1450 2837 Usus

797 2846 868 2900 sicut
881 2848 909 2900 in
946 2843 1117 2899 raecedentc.

829 2913 871 2967 stt
885 2865 976 2985 pulvis
985 2912 1083 2977 albus,
1098 2909 1200 2963 coloris
1212 2908 1284 2963 laete
1293 2910 1382 2964 citrini
1393 2928 1449 2963 non

795 2980 846 3034 nisi
858 2979 1020 3033 levissimam
1036 2978 1195 3041 tincturam,
1213 2976 1315 3028 coloris
1330 2992 1397 3028 vero
1412 2975 1450 3027 la·

797 3044 884 3099 tericii
900 3043 1052 3098 rubieiuosi
1068 3058 1102 3095 ne
1118 3039 1256 3093 minimum
1273 3040 1383 3113 quidem
1406 3057 1448 3092 se-

796 3110 905 3181 stigium
929 3086 1076 3175 exbibens,
1102 3123 1166 3159 cnm
1190 3104 1272 3160 acidis
1295 3104 1394 3159 mixtus
1411 3106 1448 3158 ei·

795 3176 1003 3231 iervesceutiam
1025 3191 1082 3227 non
1105 3171 1219 3235 excitet,
1244 3169 1292 3224 sed
1319 3171 1448 3224 celeriter

796 3260 828 3294 ex
846 3252 904 3295 toto
919 3242 1058 3307 solvatur3
1082 3239 1183 3292 solutio
1204 3238 1231 3290 in
1249 3236 1326 3289 acido
1348 3236 1447 3289 muria·

795 3306 849 3361 tiro
863 3327 926 3362 cum
940 3311 1041 3377 Baryta
1056 3303 1196 3358 muriatica
1210 3303 1291 3356 mixta
1308 3302 1376 3355 acidi
1391 3304 1447 3356 sul·

795 3372 905 3446 pburici
921 3373 1030 3446 vestigia
1048 3372 1124 3425 nulla
1137 3370 1196 3441 (vei
1213 3370 1308 3424 saltem
1326 3368 1448 3438 minima)

793 3451 937 3495 monstret.

827 3506 953 3577 Orydum
966 3505 1142 3557 vehementer
1158 3500 1381 3555 excandeiactum
1391 3511 1447 3555 tar·

794 3571 854 3626 dius
869 3572 904 3625 ab
921 3570 1004 3625 acidis
1023 3569 1197 3634 dissolvitur,
1224 3584 1314 3639 eoque
1337 3566 1391 3619 rim
1407 3584 1447 3620 se·

793 3638 911 3691 luterem
925 3635 1059 3690 difficilius
1073 3649 1204 3689 exercere
1226 3635 1290 3702 jure
1309 3631 1444 3688 ereditur.

795 3703 944 3757 Vitricium
960 3702 1035 3755 Zinci
1054 3703 1105 3756 nisi
1125 3700 1292 3754 strictissime
1312 3715 1444 3769 puruma

793 3771 885 3823 Ferro
897 3767 1052 3832 adhibebis,
1069 3768 1162 3820 oleum
1171 3776 1198 3818 et
1210 3781 1322 3835 operam
1337 3763 1445 3836 perdes.

793 3835 864 3887 Huic
878 3852 945 3915 crgo
962 3834 1083 3905 parando
1098 3829 1194 3896 stude,
1216 3840 1362 3900 antequam
1381 3832 1404 3883 F
1406 3832 1444 3885 lo·

793 3900 872 3953 ribus
887 3901 962 3954 chi
976 3896 1355 4019 praecipitandisaecingaris.
1369 3896 1444 3950 Zinci

793 3967 945 4037 sulphur-ici
970 3966 1071 4034 crystel
1084 3963 1144 4017 isati
1166 3973 1249 4033 atque
1288 3963 1337 4015 ahs
1353 3960 1444 4017 Sodae

793 4030 969 4103 crystallisati
983 4031 1151 4085 exactissime
1162 4029 1240 4100 paria
1259 4027 1384 4101 pondera
1400 4027 1445 4081 de·

793 4109 1015 4166 componuntur3
1040 4114 1126 4166 quum
1150 4096 1296 4148 amborum
1318 4093 1444 4165 pondera

793 4165 944 4230 mixtionis,
959 4164 1075 4216 fortuito
1090 4160 1210 4235 quodam
1226 4178 1293 4214 casu
1315 4161 1355 4213 uti
1373 4159 1445 4212 ride·

793 4241 855 4296 tar,
873 4240 937 4284 sunt
950 4229 1084 4300 aequalia.
1117 4226 1165 4282 sat
1178 4228 1286 4281 Tartari
1300 4227 1326 4279 in
1340 4226 1444 4298 praeci·

793 4297 922 4367 pitatione
930 4293 1166 4358 evitandum,eum
1176 4293 1327 4347 sedimento
1338 4293 1443 4345 scilicet

793 4364 962 4416 connubium
988 4376 1143 4441 quaerens,
1173 4358 1250 4480 quod
1277 4363 1355 4428 aqua
1372 4374 1444 4429 pura

791 4448 847 4483 non
863 4430 964 4484 iterum
975 4425 1143 4481 dissolvitur.
1200 4426 1336 4497 criptores
1350 4424 1399 4475 bae
1410 4422 1445 4475 de

792 4513 824 4550 re
843 4497 870 4549 in
888 4493 956 4548 duas
969 4491 1133 4547 scinduntur
1148 4501 1242 4562 partes
1250 4533 1264 4568 ,ι
1273 4506 1393 4571 querum
1406 4489 1443 4564 al-

791 4573 853 4616 tera
870 4561 1022 4616 Vitricium
1037 4558 1214 4613 iaculatione
1229 4553 1327 4627 frigida
1342 4568 1444 4629 praecr-

792 4627 873 4699 pitari
889 4629 1000 4695 volunt,
1017 4625 1104 4680 altera
1115 4625 1142 4677 in
1157 4619 1284 4696 t'ervida3
1297 4620 1445 4695 deperien-

793 4694 830 4749 tia
856 4706 1030 4766 compertum
1056 4692 1163 4755 habeo,
1190 4694 1444 4761 praecipitationem

91 4750 198 4829 ”Pisa
221 4768 365 4808 maximum
391 4757 512 4814 methodi
529 4757 615 4829 ipsius
642 4767 744 4830 ertups-
792 4759 942 4826 fervidam,
965 4758 1076 4830 qualem
1091 4770 1177 4875 supra
1193 4750 1340 4819 descripsi,
1357 4750 1445 4803 multo

89 4834 163 4897 rium
179 4832 242 4873 Μ
257 4829 374 4877 semlai.

793 4841 854 4881 esse
871 4820 1099 4898 anteponendam.
1145 4817 1312 4873 adimantum
1325 4814 1398 4873 enim
1410 4815 1447 4870 ia·
