3550 5417
621 1084 865 1167 'l'ABUbA
899 1085 955 1165 ll.

502 1284 563 1361 De
585 1286 808 1384 perdentes
830 1297 866 1361 et
884 1293 1076 1362 mensuris.

221 1482 250 1541 iu
277 1482 329 1541 hoc
348 1482 417 1542 libro
438 1480 560 1558 pondere
587 1483 738 1544 medicinali
759 1485 981 1560 Norimbergensi
1003 1491 1045 1545 usi
1066 1502 1174 1560 sumus,
1205 1491 1282 1560 eujus
1303 1484 1398 1548 divisio
1421 1491 1463 1547 est

119 1564 203 1625 hm.
353 1646 432 1706 Libra
453 1644 541 1720 (dicia
561 1646 743 1721 medicinalis)
762 1652 885 1729 continet
906 1648 1003 1708 erias
1025 1647 1184 1723 duodecim,

354 1729 437 1788 Uncia
458 1727 577 1788 eontinet
597 1730 744 1789 Brachmae
765 1734 843 1805 octo,

355 1810 488 1869 Dracina
509 1814 628 1870 continet
648 1811 797 1890 Sempuios
818 1817 890 1888 ires,

355 1893 503 1969 Scrupuim
524 1898 646 1953 continet
667 1894 753 1954 Grana
775 1898 876 1970 viginti.

222 1989 324 2049 Eodem
345 1990 468 2067 pondere
488 1996 515 2051 et
536 1991 669 2053 divisione
689 1994 797 2070 plurimi
820 1991 934 2052 Codices
956 1997 1079 2064 vetares,
1107 1995 1268 2068 praesertim
1290 1988 1462 2082 Germaniae,

122 2075 164 2131 usi
185 2077 263 2147 sunt,
292 2077 320 2131 et
340 2072 420 2133 hodie
440 2073 526 2133 adnue
546 2078 674 2151 utuntur,
702 2077 806 2135 scilieet
825 2076 954 2135 Pharin.
976 2075 1158 2148 Hassiaca,
1186 2073 1462 2133 Siesvico-Hci-

122 2158 246 2229 satier,
267 2156 537 2232 Hambargensis
561 2158 655 2232 1835,
682 2157 992 2233 Oldenburgonsis.
1045 2157 1112 2216 Sunt
1133 2159 1179 2231 qui
1200 2154 1312 2214 eaodem
1333 2154 1462 2232 ponderis

121 2236 282 2297 divisionem
304 2254 453 2315 recepere,
475 2242 551 2313 eujus
573 2244 662 2300 tamen
683 2242 750 2300 libra
772 2244 828 2299 tota
848 2259 864 2299 u
884 2241 953 2300 libra
972 2238 1194 2312 Norimbergensi
1216 2237 1369 2314 discrepat;
1390 2254 1415 2299 e.
1437 2255 1462 2312 g.
1556 2241 1559 2248 '

121 2320 175 2379 Ph.
196 2320 389 2379 Borussioa
409 2325 436 2382 et
457 2322 646 2398 Saronico,
674 2321 797 2399 pondere
818 2324 965 2382 Borassico
986 2326 1045 2381 sive
1066 2321 1194 2379 Rhonaao
1217 2323 1345 2394 utuntur,
1372 2319 1463 2378 Bava-

123 2406 193 2476 rica,
221 2401 344 2477 pondere
371 2420 422 2463 suo
449 2404 535 2477 civiti,
566 2406 635 2464 aliae
655 2406 732 2465 aliter
755 2422 870 2482 quorum
891 2403 1098 2481 discrepantiam
1119 2406 1146 2461 io
1168 2401 1256 2461 tabula
1278 2400 1311 2460 ad
1332 2402 1463 2461 caleulum

122 2487 247 2561 rigorose
268 2490 362 2560 exacta
382 2485 536 2560 adjecimus.

223 2567 260 2626 nt
280 2567 388 2642 quidem
408 2570 461 2629 hcc
477 2585 586 2645 quoque
601 2584 832 2645 supervacaneum
848 2571 905 2641 est,
925 2571 953 2627 et
972 2570 1063 2644 potios
1080 2568 1209 2624 sectantis
1223 2568 1363 2637 minutias,
1384 2580 1465 2639 quam

122 2649 187 2708 honi
214 2648 312 2725 aliquid
339 2654 524 2727 assequentis,
553 2668 635 2727 quum
661 2654 688 2709 in
717 2648 848 2709 medicina
873 2648 1131 2709 medicamentorum
1159 2645 1233 2707 dosis
1260 2663 1315 2705 noo
1342 2643 1410 2706 adeo
1431 2644 1465 2705 ad

123 2730 254 2789 caleulum
276 2735 381 2792 cerium
402 2737 476 2793 esset
494 2734 620 2808 redacta,
649 2738 696 2807 ut,
725 2733 788 2808 quid
809 2736 880 2792 inter
901 2732 1011 2792 Uaciam
1032 2731 1203 2791 Borussieam
1225 2733 1251 2787 ei
1271 2730 1398 2789 Noricam
1418 2730 1465 2788 iu-

122 2816 240 2870 teresset
260 2812 381 2874 medicus
402 2817 445 2875 vel
466 2820 550 2876 sciret
569 2816 612 2876 vei
634 2833 669 2875 ex
688 2820 800 2889 aegroto
821 2817 909 2892 possit
927 2814 1095 2889 dignoscere·
1137 2811 1279 2872 Formulae
1297 2810 1464 2886 magistrales

122 2909 158 2952 ex
178 2910 264 2968 regno
284 2896 370 2955 altero
391 2901 418 2956 in
440 2899 552 2957 alterum
579 2900 673 2958 allatae
698 2902 788 2974 itaque
813 2898 976 2974 plerumque
1004 2900 1063 2955 sine
1089 2899 1194 2955 ratione
1221 2894 1309 2954 habita
1336 2892 1464 2970 penderis

123 2974 285 3035 diversitatis
307 2976 340 3036 ad
358 2979 475 3038 litteram
495 2979 701 3057 dispensantur,
725 2996 804 3056 quam
826 2983 849 3040 si
869 2984 898 3038 in
918 2981 970 3039 hoc
989 2995 1075 3052 regno
1097 2980 1284 3054 praescriptae
1304 2980 1415 3048 esseut,
1437 2980 1467 3035 ot
1583 3007 1585 3011 ·
1705 2969 1708 2976 ’

123 3063 211 3117 umen
232 3059 293 3117 mati
314 3077 349 3119 ex
370 3076 404 3120 eo
425 3062 543 3121 noudum
563 3080 648 3137 grave
669 3067 819 3137 emanavit,
841 3078 938 3139 quum,
960 3060 1033 3139 quod
1052 3061 1123 3120 hene
1140 3059 1218 3118 nobis
1236 3062 1363 3134 contigit,
1391 3073 1465 3134 pon-

121 3139 187 3200 dera
213 3143 301 3201 minus
327 3145 398 3202 iuter
418 3160 481 3204 sese
502 3144 671 3221 discrepant,
700 3161 780 3221 quam
800 3144 966 3204 medicorum
987 3142 1021 3203 de
1042 3141 1298 3202 medicamentomm
1319 3138 1465 3200 virtutibus

122 3226 272 3299 opiniones.

223 3322 459 3399 Pharmaeopceae
486 3322 693 3383 Brittanniarum
723 3330 752 3384 et
777 3327 920 3386 Americae
950 3322 1167 3401 septentrionalis
1199 3318 1323 3398 pondere
1354 3322 1466 3379 utuntur

123 3402 195 3478 quod
215 3404 418 3481 Troy-Weignt
438 3409 466 3466 iu
486 3406 576 3480 lingua
596 3408 699 3482 anglica
714 3406 803 3481 audit,
824 3413 853 3469 et
873 3410 950 3482 euius
972 3411 1041 3467 ratio
1063 3421 1172 3482 quoqne
1191 3406 1218 3461 iu
1240 3403 1330 3463 mbun
1350 3401 1394 3461 iila
1414 3418 1466 3462 so·

124 3500 174 3561 pra
194 3488 276 3544 citata
296 3486 414 3547 exhibita
434 3491 483 3547 est
534 3488 638 3549 Divisio
659 3488 753 3549 eadem
774 3492 834 3565 est,
862 3506 943 3566 qoam
964 3506 1034 3566 quae
1055 3491 1082 3546 in
1103 3488 1155 3546 hoe
1174 3486 1244 3545 libro
1265 3489 1386 3562 recepta.
1436 3483 1465 3544 tn

124 3567 220 3642 Anglia
239 3569 358 3632 rationes
379 3585 551 3650 numerprum
572 3586 627 3630 nou
648 3571 736 3631 solum
757 3570 790 3630 ad
810 3570 932 3649 pondera
952 3573 1108 3632 reiemutur
1130 3566 1178 3629 sed
1200 3583 1309 3644 quoque
1329 3564 1364 3626 ad
1383 3583 1465 3626 meu·

124 3665 209 3708 suras.
250 3650 322 3724 Ergo
345 3668 487 3711 mensurae
507 3655 534 3711 in
556 3656 719 3713 commercio
740 3658 854 3713 usitatae
876 3670 987 3731 quoque
1008 3657 1134 3714 inertem
1154 3650 1399 3728 pharmaceuticum
1419 3652 1465 3708 in·

125 3730 270 3791 traductae
291 3737 361 3791 sunt.
403 3733 558 3794 Obveoiuot
585 3734 717 3811 Congius,
745 3737 849 3813 anglice
876 3736 986 3810 Gallon,
1018 3739 1064 3813 qui
1092 3737 1212 3793 continet
1239 3732 1362 3793 Octorios
1388 3736 1464 3806 octo,

124 3814 250 3874 Octauius
271 3816 502 3891 (cogimini),
524 3821 570 3892 qui
590 3821 711 3877 continet
731 3819 830 3879 Unoias
850 3823 944 3894 viginti
959 3818 993 3878 ad
1011 3833 1178 3890 mensmam,
1196 3829 1284 3891 unare
1305 3811 1465 3875 inidoneiae

124 3900 302 3956 nominantur.
350 3898 422 3972 Ergo
442 3897 598 3958 Fiuiduncia
617 3901 756 3977 Naphthae
777 3906 819 3961 est
839 3903 966 3962 volumen
986 3900 1126 3979 Naphthae
1146 3897 1271 3975 plenum,
1301 3895 1373 3974 quod
1394 3912 1465 3956 cco·

125 3984 192 4038 tinet
216 3978 327 4038 Unciam
353 3997 435 4040 unam
456 3979 631 4056 ponderatam
651 3985 747 4058 Aquae
768 3982 926 4044 destillatae.
980 3984 1010 4042 ln
1031 3981 1186 4055 ecdicium,
1216 3983 1262 4056 qui
1282 3985 1345 4039 ante
1365 3995 1464 4054 annum

127 4062 204 4122 1836
225 4065 254 4120 in
273 4063 368 4137 dogiic
388 4061 534 4138 prodiere,
556 4063 681 4124 Oetarius
700 4064 861 4126 iluiduncias
878 4067 997 4127 sedecim
1019 4070 1121 4125 tantum
1136 4062 1305 4138 contioehat,
1325 4061 1398 4139 quod
1413 4057 1464 4119 ad-

123 4148 262 4204 notatione
282 4144 390 4219 dignum
411 4143 553 4220 duximus,
584 4151 613 4206 et
639 4151 756 4207 cetarius
777 4149 897 4224 anglicus
918 4152 1009 4226 (pini)
1030 4165 1084 4208 non
1105 4146 1216 4206 modium
1235 4145 1330 4206 aberat
1349 4160 1366 4204 a
1385 4143 1465 4203 Libra

125 4227 194 4285 civiti
215 4227 326 4287 altarum
347 4233 494 4303 terrorum,
515 4244 532 4287 a
552 4228 680 4288 semilitra
702 4230 862 4304 gallinacei
882 4232 998 4307 chopina
1019 4233 1179 4305 germanica.

224 4309 441 4387 Pharmaecpoea
463 4310 559 4371 Gallica
582 4310 659 4371 1837
681 4312 733 4372 alio
759 4312 883 4389 pondere
904 4318 932 4373 et
953 4315 1002 4372 otia
1024 4314 1156 4373 divisione
1176 4313 1277 4384 utitur,
1308 4323 1387 4384 quam
1414 4323 1464 4365 ee·

125 4391 198 4446 teme
219 4390 378 4468 Europaeae
398 4393 507 4452 Terrae.

165 4469 243 4528 Libra
264 4477 337 4548 ejus,
360 4492 429 4550 quae
449 4480 579 4549 aequatur
600 4473 799 4549 Kiiogrammoti
822 4475 948 4554 dimidio,
971 4480 1092 4537 continet
1112 4476 1210 4536 chias
1231 4471 1366 4547 sedecim,

165 4551 249 4609 Uncia
269 4560 388 4616 continet
408 4559 553 4617 Dracones
575 4561 655 4630 octo,

164 4632 297 4693 Drachma
317 4643 437 4698 eontinet
456 4639 605 4716 scrupulos
626 4642 698 4712 treS,

166 4716 456 4858 Scrupuiusteeintinet
477 4723 564 4783 Giano
586 4725 677 4796 viginti
699 4726 833 4798 quatuor;
857 4738 923 4796 ergo
944 4721 1078 4781 Dracitma
1098 4723 1220 4779 continet
1242 4701 1328 4777 Grana
1350 4719 1465 4791 septua-

269 4815 341 4874 grna
383 4819 425 4861 ao.
