3550 5417
308 334 384 414 ms
402 333 604 406 uuncun
626 310 830 403 rancun
842 323 975 400 rutv.

311 505 392 563 randi
408 507 481 562 rstio
493 520 585 584 neque
601 521 655 584 pre
669 503 791 558 bonitate
807 500 965 574 praeparati

311 589 402 645 neque
422 589 476 644 pro
498 588 664 643 parsimonia
686 564 879 639 anteponenda
911 574 966 631 est,

311 638 366 692 imo
376 648 486 691 nostrae
497 633 695 710 postponenda.
727 632 843 687 Codices
852 648 886 683 eo
895 630 966 684 inter

314 719 374 757 sssc
396 700 568 773 discrepant,
600 698 677 771 quod
703 699 775 753 Salis
799 694 966 751 Ammoniaci

312 779 339 822 et
350 766 483 820 Mercurii
494 765 632 820 sublimati
641 764 777 819 corrosivi
788 780 838 834 par
848 760 967 833 pondus,

312 832 356 886 vel
375 831 478 902 prioris
498 830 637 885 dimidium
662 840 769 884 tantum
784 827 968 899 praecipiunt.

311 894 472 952 Secundum
483 896 554 948 hanc
571 894 728 949 methodum
741 903 907 962 operaturus
924 907 966 944 re·

312 961 384 1078 pipe·
402 960 538 1079 bgepipupii
554 959 691 1038 sublimeti
717 957 858 1078 cprrosivia
872 966 966 1074 pappele

334 1043 381 1080 uas
434 1046 450 1080 a
525 1041 665 1079 mmomact
705 1040 843 1078 aremun
861 1040 886 1074 m
956 1051 966 1061 -

311 1108 346 1145 re
360 1065 500 1160 in’dquae
516 1088 669 1144 destinatae
683 1044 816 1160 lpiscatibus
834 1061 926 1158 vigi'uti
939 1094 967 1164 et

315 1154 479 1210 solutionem
494 1154 566 1209 Salis
581 1153 671 1208 Sodae
686 1153 818 1219 admisce,
856 1149 967 1204 uamdru

313 1219 526 1290 praecipitatum
542 1219 635 1271 album
652 1219 797 1272 enascitur.
851 1215 968 1269 edimen·

313 1293 373 1338 tum
391 1284 468 1337 simili
482 1282 564 1337 modo
580 1283 679 1356 collige
697 1295 725 1338 et
738 1285 816 1349 lara,
833 1283 904 1335 sicut
925 1298 968 1334 su·

205 1349 212 1365 .
315 1365 369 1419 pra
382 1361 563 1419 praeceptum
587 1359 635 1402 est.
674 1349 875 1420 Praeparatum
899 1345 968 1418 opti·

313 1429 375 1467 mae
390 1423 470 1466 notae
487 1413 636 1468 obtinetur.

330 1522 347 1582 †
365 1524 552 1572 MERCURIUS
570 1525 823 1574 PRAEClPleTUS
841 1523 949 1572 FLAVU

315 1587 540 1653 rid.'l'urpetl1um
561 1588 688 1638 nainersle.
943 1615 946 1619 Δ

330 1686 349 1750 †
366 1693 552 1742 MERCURIUS
570 1693 820 1743 reluctetraws
846 1692 968 1741 Fuscus

317 1757 435 1806 Wosrzu
448 1773 466 1804 s.
479 1759 599 1816 Vectem,
613 1758 815 1820 Turpstbum
834 1760 967 1805 rubrum

349 1825 484 1872 Pinnem.
518 1816 636 1871 ericae
651 1817 935 1882 Dutdfllbcrctdeipitet.

349 1896 573 1968 Disp.1.ipp.:
606 1904 662 1949 Rec.
687 1904 806 1951 Mercurii
825 1903 913 1953 nitrosi
931 1919 970 1951 ca·

317 1967 371 2015 lide
389 1966 468 2031 psrsti
487 1985 510 2030 q.
529 1984 566 2022 u,
597 1968 688 2014 sensim
712 1968 809 2016 instilla
833 1970 969 2031 Liquorem

318 2033 436 2079 Ciuerum
462 2030 650 2078 clarellsterum
678 2032 873 2096 depuratorum,
891 2034 971 2080 donec

319 2095 390 2143 nulla
404 2095 512 2158 amplius
524 2095 666 2143 successerit
678 2098 859 2161 praecipitatio.
882 2096 971 2159 Filtrs,

321 2159 387 2219 lars,
406 2158 481 2207 sicca.
531 2157 653 2207 Exolerit.

350 2264 567 2320 †MERGUMUS
597 2264 845 2313 enassctelrtws
870 2266 971 2315 metm

317 2327 358 2376 rid
385 2327 528 2379 Mercurius
544 2327 661 2376 solubilis
683 2331 854 2380 uramini,

333 2453 700 2552 †uuucuu1us
751 2453 971 2531 ennum-

318 2550 554 2629 mrarus
595 2553 781 2628 uranu.
839 2554 972 2651 etcum

344 2647 545 2746 criuntur.
600 2651 785 2750 Pre'cipitd
819 2677 946 2752 recepe.

356 2789 474 2851 synon:
507 2782 635 2854 Hydrarg
655 2801 717 2836 rum
741 2784 891 2864 oxydatum
926 2803 972 2838 ru·

851 2847 962 2928 Hydrae

320 2846 421 2913 brom,
442 2845 569 2966 Ospdum
587 2802 828 2921 hydrargyrrcum,

318 2914 793 3097 tactim:sttttcpttap.
806 2914 972 3044 Mutet

321 3042 379 3096 rius
403 3059 562 3097 corrosuus
586 3062 621 3097 ru
643 3060 688 3110 er,
748 3043 918 3125 ydrarpyrus
935 3045 973 3098 ni·

319 3117 411 3161 trstus
434 3108 539 3175 ruber,
573 3110 694 3161 Panassa
715 3110 848 3162 Mercuru
875 3109 973 3174 rubra,

319 3171 414 3226 Pulsis
426 3174 561 3229 donantem
571 3195 605 3230 or
617 3184 690 3253 Yreo
706 3190 727 3226 s.
743 3172 891 3245 Principis,
908 3175 973 3227 Per-

320 3235 973 3382 structurarum..uueu:

321 3368 457 3433 littetsmb.
489 3373 581 3421 Octde
596 3386 684 3437 rouqe
697 3373 882 3439 deMercure,
899 3374 973 3424 Per-

339 3435 424 3485 seide
442 3435 475 3485 de
492 3436 639 3502 Mercure,
664 3438 756 3489 Occide
772 3439 960 3505 stercorique.

323 3536 408 3607 Rec.
434 3539 596 3610 Mercurii
608 3540 847 3638 vividepurati
862 3569 974 3639 quan-

373 3649 449 3704 tum
474 3637 542 3723 vis,
585 3639 729 3709 immitte
753 3642 787 3711 in
818 3643 974 3736 patinam

373 3729 649 3827 porcellaneam,
671 3750 704 3807 et
717 3735 973 3811 infundibulum

373 3830 519 3900 vitreum
539 3833 622 3901 satis
653 3832 810 3929 amplum
837 3836 975 3909 inverse

373 3946 478 4021 supro
487 3929 703 3999 Mercurium
716 3932 836 4003 vivum
853 3937 888 4005 in
905 3959 975 4030 pa-

374 4022 481 4091 tinam
511 4022 660 4095 colloca.
698 4026 845 4102 Aliunde
873 4030 975 4103 Acidi

373 4120 485 4188 uitrici
500 4136 634 4215 partem
654 4120 835 4198 dimidiam
858 4144 892 4199 et
911 4154 976 4200 re-

374 4219 549 4288 actionem
605 4217 799 4295 chemicam
854 4224 975 4296 calore

374 4335 566 4407 promove3
595 4321 722 4390 sensim
745 4320 860 4418 adjice
887 4323 976 4392 Aci-

375 4406 462 4481 dum
479 4412 641 4486 uitricum
660 4420 889 4512 portiunculis
903 4420 976 4489 mi-

371 4507 473 4596 nutis,
488 4506 601 4583 donec
612 4512 731 4585 calore
744 4540 886 4611 semper
904 4512 976 4585 cd-

368 4603 534 4699 juvante,
560 4611 754 4685 Mercurius
778 4613 879 4684 vivus
932 4637 977 4683 e-

373 4703 463 4776 nitus
483 4705 737 4780 solutusfuerit.
770 4636 973 4781 Infundilu-

997 362 1044 377 -
1072 320 1675 395 muucuu.rttsuctr.1tuutttt

1066 501 1139 574 lum
1169 525 1260 572 nunc
1286 497 1445 585 tollatur,
1493 513 1528 570 et
1552 496 1676 595 liquor

1069 597 1185 672 vivida
1202 597 1453 694 evaporatione
1470 593 1517 666 ad
1539 597 1673 667 siccum

1065 695 1256 794 redigatur.
1301 696 1388 764 Cum
1413 691 1495 763 Sale
1520 692 1675 788 crystal-

1066 793 1139 864 lino
1151 793 1446 865 obtentostrenua
1457 789 1675 861 trituratione

1069 893 1176 961 misce
1212 888 1374 958 Mercurii
1415 888 1485 959 vivi
1513 883 1674 982 depurati

1069 987 1375 1073 alterumtuntum,
1420 1009 1503 1055 uam
1516 982 1672 1055 solutum

1068 1082 1184 1155 adhuc
1206 1098 1265 1154 est
1307 1010 1417 1172 Quod
1441 1105 1521 1153 cum
1540 1082 1673 1179 optime

1069 1179 1197 1252 lactum
1218 1179 1336 1268 fuerit,
1369 1181 1522 1275 patinam
1536 1192 1673 1284 (nudam,

1060 1278 1086 1338 si
1096 1280 1338 1353 berolinensem,
1347 1277 1504 1339 loricatam
1514 1276 1561 1339 rel
1572 1277 1601 1335 in
1612 1276 1671 1335 bal·

1066 1379 1122 1422 neo
1139 1379 1267 1436 arenae,
1288 1359 1314 1419 si
1334 1357 1450 1439 pejoris
1468 1369 1515 1417 est
1535 1357 1669 1432 massae]

1067 1442 1138 1535 igni
1156 1442 1318 1536 impone,
1352 1454 1385 1510 et
1401 1435 1591 1534 prudenter
1610 1462 1672 1508 ure
1766 1502 1772 1509 .

1069 1535 1242 1607 interdum
1260 1538 1403 1632 agitans,
1424 1532 1539 1607 donec
1556 1558 1669 1605 massa

1069 1631 1181 1704 calida
1221 1632 1378 1705 colorem
1414 1630 1671 1703 atro-rubram

1069 1729 1394 1825 induerit,vapores
1405 1729 1557 1800 nitrosos
1568 1730 1672 1800 emit·

1070 1844 1142 1900 tere
1153 1824 1300 1913 desierit,
1316 1841 1349 1898 et
1362 1827 1513 1923 petinam
1527 1824 1672 1897 alteram

1068 1924 1330 2023 superpositam
1358 1920 1512 1993 anhelitu
1534 1920 1672 2019 globu-

1069 2022 1187 2092 lorum
1205 2020 1366 2091 Mercurii
1382 2020 1451 2091 vivi
1468 2020 1599 2090 interne
1617 2017 1671 2090 af-

1069 2118 1211 2190 flaverit.
1234 2117 1344 2191 Part.
1364 2125 1502 2190 coust:
1527 2118 1671 2187 Mercu-

1070 2218 1111 2285 rii
1130 2231 1163 2285 et
1189 2214 1361 2312 Oxygcuii
1382 2218 1416 2290 {a
1441 2215 1542 2309 paria
1562 2211 1670 2285 Pond.

1071 2315 1161 2383 Mixt.
1196 2313 1295 2384 Vis:
1324 2309 1671 2408 antisyphilitica,ir-

1071 2411 1187 2496 citans,
1207 2411 1406 2497 corrosiva,
1423 2422 1559 2488 externe
1581 2408 1672 2505 puri·
1703 2402 1714 2417 '

1071 2506 1197 2596 ficem,
1218 2504 1447 2579 escltarotica.

1064 2624 1120 2681 Est
1142 2621 1243 2701 pulvis
1264 2622 1340 2680 laete
1356 2619 1583 2692 luteo-ruber,
1604 2617 1674 2679 sub.

1024 2704 1199 2777 bilissimas,
1219 2700 1281 2779 igni
1301 2702 1456 2780 expositus
1478 2722 1515 2760 ex
1531 2709 1597 2760 toto
1620 2719 1674 2759 vo·

1024 2784 1123 2858 latilis,
1146 2784 1176 2842 in
1193 2782 1282 2844 acido
1299 2782 1412 2841 uitrico
1427 2779 1576 2855 solubilis,
1589 2782 1673 2860 Aqua

1024 2883 1101 2944 pura
1124 2884 1230 2942 purum
1248 2862 1407 2935 solubilis,
1428 2861 1594 2922 calefactus
1609 2861 1674 2922 obi·

1024 2955 1072 3005 ter
1088 2942 1246 3024 nigrescit.
1288 2944 1385 3004 Poud.
1402 2963 1485 3022 spec.
1505 2962 1602 3021 tt,oo.

1069 3030 1161 3088 Usus.-
1183 3026 1211 3085 iu
1229 3027 1277 3085 luc
1294 3045 1427 3085 venerea
1440 3024 1607 3085 inveterata
1630 3024 1672 3082 in·

1023 3117 1129 3181 terne,
1150 3107 1277 3167 externe
1302 3107 1339 3166 ad
1357 3106 1586 3184 condylomata3
1609 3124 1674 3165 ver·

1024 3207 1126 3264 rocas,
1151 3188 1252 3247 ulcera
1271 3206 1401 3249 venerea
1409 3209 1419 3264 3
1451 3188 1488 3246 ad
1509 3185 1672 3245 balsamum

1024 3268 1280 3350 ophthalmicum
1315 3268 1475 3350 pediculos
1495 3266 1674 3332 enecandos.

1056 3374 1213 3428 Mercurius
1228 3375 1425 3446 praecipitatus
1445 3374 1534 3427 ruber
1551 3372 1629 3427 hodie
1646 3374 1673 3428 iu

1023 3438 1138 3492 officinis
1167 3441 1295 3494 chemicis
1326 3441 1426 3509 optime
1450 3450 1532 3493 notae
1557 3454 1674 3510 praepa-

1025 3513 1117 3570 ratur‚
1144 3521 1195 3558 uec
1215 3504 1429 3576 pharmacopoei
1448 3506 1528 3559 aliam
1553 3520 1675 3585 operam,

1023 3584 1108 3688 poam
1121 3570 1228 3624 virtutis
1249 3571 1483 3642 explorationem,
1506 3570 1594 3687 eripit.
1620 3570 1674 3640 Qui

1042 3632 1179 3689 recuditur
1192 3637 1350 3689 Mercurius
1365 3635 1489 3707 praecip.
1507 3653 1543 3689 ru
1564 3652 1595 3688 er
1606 3635 1678 3687 colo·

1024 3700 1062 3753 ris
1076 3709 1117 3752 est
1132 3701 1235 3754 intense
1250 3701 1347 3768 rubri,
1365 3711 1490 3754 texturae
1503 3700 1675 3770 crystallinas

1024 3763 1168 3819 micaceae.
1201 3766 1334 3822 Corsicae
1356 3784 1420 3820 eum
1443 3771 1524 3837 Aqua
1544 3764 1678 3819 destillsts

1024 3831 1064 3884 sal
1078 3831 1220 3894 uitricum,
1237 3829 1314 3902 quod
1331 3831 1450 3886 fortasse
1464 3831 1548 3897 inest,
1565 3827 1675 3885 dissolri

1024 3906 1131 3978 potest,
1146 3896 1275 3967 ignitionc
1292 3896 1319 3949 in
1337 3897 1477 3951 cochleari
1490 3895 1615 3967 platinico
1633 3895 1677 3946 vel

1025 3980 1051 4014 m
1065 3961 1187 4013 carbone
1196 3978 1348 4031 corporum
1356 3961 1614 4044 heterogeneorum,
1625 3958 1677 4012 Mi·

1025 4024 1075 4092 nii,
1091 4026 1214 4096 pulveris
1227 4027 1360 4095 laterum,
1372 4037 1438 4094 eet„
1463 4025 1590 4083 ammixtio
1613 4040 1677 4105 pro-

1026 4090 1116 4143 batur.
1137 4092 1240 4144 Frusta
1259 4091 1366 4144 intensa
1388 4094 1478 4147 rubra
1503 4091 1678 4145 trituratione

1025 4154 1175 4208 flavescuut
1194 4171 1317 4227 quoque.
1350 4156 1381 4212 Si
1394 4157 1464 4211 acidi
1481 4155 1571 4211 uitrici
1591 4155 1676 4226 parsi-

1026 4219 1131 4273 moniae
1162 4219 1266 4286 studes,
1283 4219 1356 4275 inter
1369 4222 1591 4296 evaporationem
1605 4221 1679 4273 Mer·

1025 4284 1095 4336 curii
1109 4283 1204 4339 nitrosi
1218 4284 1409 4357 portiunculas
1435 4288 1549 4342 minutas
1567 4286 1677 4339 Merou-

1027 4348 1058 4426 rij
1079 4348 1132 4426 viri
1149 4348 1248 4417 adiice,
1272 4351 1404 4431 quamdiu
1417 4352 1584 4408 dissolvitur.
1605 4350 1678 4427 ,eat-

1025 4425 1125 4467 etnatro
1139 4413 1210 4467 bene
1225 4415 1378 4471 instituitur
1397 4419 1425 4473 in
1442 4417 1512 4473 rasis
1528 4418 1626 4470 ferrcu
1639 4415 1679 4467 lu·

1025 4478 1060 4532 sis
1074 4488 1205 4533 encausto
1222 4483 1356 4550 (OEmctttt)
1384 4482 1526 4549 obductis,
1544 4491 1578 4546 ,et
1599 4494 1680 4550 oper·

1026 4543 1089 4597 culo
1109 4544 1184 4598 fictili
1206 4555 1273 4617 apto
1296 4549 1383 4602 tectis.
1423 4546 1583 4616 Praeparati
1600 4544 1679 4598 color

1026 4624 1058 4660 cx
1075 4608 1139 4663 salis
1154 4619 1262 4665 textura
1276 4611 1386 4684 pendet.
1420 4614 1470 4669 Sal
1480 4612 1603 4668 minutim
1619 4628 1677 4679 cry·

1024 4674 1187 4729 stallisatum
1202 4677 1285 4730 micas
1295 4677 1398 4733 rubras
1408 4696 1425 4731 o
1447 4680 1510 4734 timo
1520 4676 1575 4732 edit
1580 4696 1590 4745 5
1603 4691 1677 4747 gros·

1026 4740 1143 4795 siuscule
1163 4741 1375 4815 crystallisatum
1398 4698 1446 4805 rel
1455 4743 1618 4809 contritum,
1635 4741 1677 4796 rel
