3550 5417
332 286 524 359 FERRUM
544 286 770 359 rotiana
791 326 838 341 ·-
859 285 1036 357 FLORFS
1061 286 1190 357 sums

112 468 270 536 pausandum
294 480 361 526 eoa,
385 464 435 515 uisi
453 467 571 530 expressis
593 467 673 516 verbis
689 484 703 516 a
722 483 770 516 me·

113 537 175 586 dieo
191 534 327 598 oxydaturn
344 531 521 596 postularetur.

148 601 278 649 Faunum
295 599 455 648 Porsena
472 598 621 661 quibusdam
638 610 675 646 est
686 601 769 647 Tarta·

112 685 158 718 rus
177 666 350 729 cbelyheatut.

156 748 332 810 Faunum
348 744 637 807 Pervaflarutu
654 751 709 811 rid.
726 754 770 808 Li.

111 836 224 883 matura
239 821 338 878 Martis
356 820 543 874 ulcoholisata.

159 919 184 979 F
187 918 337 979 ERRUM
359 916 670 978 saccflhunauu
688 918 771 976 Bau.

114 1021 200 1062 naar.
244 996 398 1073 usurus
419 995 595 1078 eettudtrtta
621 993 771 1075 disruptis

115 1092 212 1163 petet.
243 1085 409 1146 carbonata
424 1089 460 1143 de
477 1086 650 1166 Protosyde
663 1088 699 1145 de
713 1084 772 1143 Fer

401 1186 497 1226 sucre.

152 1241 221 1297 Ree.
256 1238 367 1293 Vitrieli
388 1239 485 1293 Martis
509 1235 684 1308 crystallisati
707 1235 773 1309 puri

117 1324 149 1378 q.
162 1325 204 1373 ν.,
221 1304 298 1360 solve
312 1306 340 1358 in
360 1305 513 1358 sufficiente
531 1303 684 1376 quantitate
702 1313 772 1364 (sex-

118 1371 225 1491 ῑιῳῑἾΙ
242 1375 343 1442 Aquae
368 1367 536 1437 destinatae,
557 1367 650 1441 digere
674 1384 773 1438 parum

119 1455 183 1493 cum
218 1437 335 1490 'matura
360 1435 459 1490 Martis
479 1447 507 1489 et
527 1435 580 1489 cito
600 1452 627 1486 m
649 1433 772 1507 lagenam

117 1505 192 1558 filtra
205 1501 239 1556 ad
250 1500 392 1555 dimidium
402 1512 507 1556 tautum
520 1499 689 1571 replendam.
701 1502 773 1553 Tum

118 1566 230 1627 aliunde
258 1567 431 1622 solutionem
455 1566 535 1623 Natri
557 1565 712 1632 carbonici,
741 1575 772 1619 ut

116 1640 240 1693 Ferrum
251 1633 429 1688 carbunicam
444 1650 478 1688 ex
497 1643 557 1687 teto
572 1631 772 1703 paecipitetur3

116 1704 244 1785 lagenam
255 1704 337 1773 Aqua
349 1698 455 1753 fervida
467 1710 546 1752 caute
561 1698 671 1751 omnine
685 1703 772 1768 reple,

116 1767 256 1824 mucelam
268 1766 371 1838 optime
384 1776 519 1831 concute,
537 1763 710 1835 epistemium
725 1768 772 1816 lm·

117 1849 194 1908 pone
216 1843 300 1952 argue
323 1847 435 1904 sepone.
470 1833 619 1901 Postquam
637 1829 772 1901 praecipi·

119 1912 209 1957 tatum
221 1899 247 1951 al
269 1916 315 1951 um
330 1899 374 1952 vel
390 1895 539 1952 viridulum
555 1894 726 1961 subsederit,
743 1894 771 1948 li-

120 1966 534 2087 inmurmurat
548 1961 772 2081 ”scritta

120 2115 187 2151 vaso
211 2048 312 2149 eldusti
326 2094 485 2167 frigefacto,
508 2044 598 2148 veih
623 2092 772 2147 uaservida

120 2165 181 2238 ipsa
194 2161 293 2233 imple,
309 2177 406 2215 cavens
419 2178 454 2214 ua
468 2161 566 2234 lagena
580 2108 681 2213 adieris
697 2160 724 2212 vi
736 2158 772 2210 di·

120 2240 286 2301 rumpatur,
308 2225 385 2299 quod
409 2243 442 2279 eo
467 2225 571 2299 optime
595 2228 730 2293 evitatur,
751 2224 773 2277 si

118 2297 234 2370 lagenae
260 2293 391 2348 continuo
413 2292 511 2346 leviter
534 2290 649 2364 agitatae
667 2309 720 2362 per
736 2288 774 2344 in·

119 2367 297 2425 fundibulum
308 2365 463 2438 impositum
476 2365 724 2436 Aquamfersidam
736 2365 774 2418 in·

41 2487 45 2492 .
119 2434 228 2490 fundes.
263 2437 326 2487 Hae
343 2432 503 2504 operatione
526 2429 637 2484 tertium
658 2432 775 2503 repetita

142 2498 333 2570 raecipitatum
358 2498 412 2551 cito
438 2497 466 2551 in
493 2497 632 2550 sacculum
659 2497 774 2551 linteum

121 2519 256 2622 densioris
278 2574 420 2629 texturae,
443 2563 518 2617 intus
540 2564 651 2617 sacculo
669 2563 774 2617 charta-

123 2649 174 2691 ceo
190 2628 288 2684 bibulo
308 2629 458 2696 munitum,
481 2629 650 2685 immittatur.
682 2629 775 2705 Quum

123 2704 205 2771 Aqua
225 2713 308 2768 quam
330 2695 450 2767 plurima
474 2705 573 2765 sponte
599 2695 775 2759 emanaverit,

123 2762 263 2821 saeculum
285 2777 372 2834 supra
392 2758 542 2815 sedimento
564 2758 678 2813 riueulis
697 2771 776 2813 caute

122 2829 280 2899 constringe
327 2837 355 2882 et
376 2826 430 2879 leni
457 2825 601 2898 pressione
625 2825 720 2899 adige,
747 2836 777 2879 ut

123 2901 206 2969 Aqua
217 2867 362 2966 paullatim
379 2902 473 2951 exeat,
499 2907 550 2943 nec
565 2892 691 2946 saeculus
705 2908 778 2944 rum·

145 2973 225 3029 atur,
252 2958 317 3031 qui,
341 2976 427 3031 quum
446 2958 615 3028 pressionem
633 2957 777 3011 fortiorem

122 2981 203 3085 darre
226 3026 345 3105 poterit,
371 3025 398 3076 in
420 3024 500 3095 prelo
522 3023 658 3076 torculari
674 3040 778 3076 summa

124 3113 189 3149 cum
209 3109 235 3145 vt
252 3091 428 3163 exprimatur.
465 3088 593 3142 Placenta
615 3088 779 3143 subhnmida

124 3168 231 3216 exemto
248 3156 274 3210 in
290 3156 383 3228 patina
397 3156 590 3226 evaporatoria
605 3155 780 3227 porcellsnee

124 3246 188 3282 oum
204 3221 337 3278 Saochari
351 3221 408 3276 albi
448 3222 565 3275 uleerati
581 3222 641 3293 pari
657 3219 780 3292 pondere

124 3294 294 3355 misceatur,
307 3299 335 3342 et
350 3239 470 3342 misceila
483 3305 516 3340 eo
532 3302 619 3358 paene
632 3287 732 3341 iterum
750 3285 781 3340 li-

125 3358 252 3434 quefacta
272 3354 327 3409 leni
341 3354 402 3428 igne
418 3351 453 3405 ad
468 3354 569 3406 siccum
587 3351 735 3427 redigatur.

159 3424 202 3479 Sit
239 3423 311 3475 ulvis
327 3419 551 3483 atro-olivaceus,
568 3417 662 3472 odoris
673 3416 781 3491 proprii

124 3491 236 3553 ferrost,
251 3486 359 3559 saporls
373 3484 460 3539 dulcis
476 3495 573 3565 expest
589 3502 687 3557 parum
708 3496 782 3556 atyp-

125 3557 172 3612 tici
186 3551 369 3609 atramentarii
379 3571 387 3619 3
403 3561 458 3604 tem
480 3569 537 3605 oris
554 3551 633 3622 lapsu
650 3569 704 3604 uon
723 3568 782 3603 mu-

126 3632 212 3678 tatur.
224 3655 255 3665 -
265 3625 312 3676 Vis
322 3630 349 3673 et
361 3625 433 3674 llam
473 3618 530 3672 reci
543 3618 640 3671 Martis
649 3615 783 3688 aperitivi,

126 3686 275 3757 Aethiopis
284 3685 415 3741 martialis
431 3686 600 3738 velaliorum
609 3684 689 3737 Ferri
704 3698 782 3755 prae·

126 3762 300 3829 paratorum.

160 3818 290 3876 Saeehari
312 3817 452 3872 connubio
469 3819 589 3870 Ferrum
606 3812 783 3885 oxydulatum

127 3904 145 3942 o
166 3886 232 3941 time
247 3882 405 3937 defenditur
415 3883 450 3937 ab
463 3881 623 3952 oxydatione
637 3880 781 3952 penitiore.

152 3970 185 4007 ro
200 3951 306 4005 virtute
317 3948 421 4003 medica
439 3959 466 4003 et
487 3947 621 4001 mixtionis
637 3947 784 4000 stabilitate

129 4017 157 4073 in
169 4020 331 4072 thesaurum
349 4014 484 4069 medicum
506 4011 643 4067 introduci
666 4012 784 4087 dignissi-

130 4101 204 4139 mum
215 4080 377 4137 remedium.
403 4086 427 4139 Α
442 4085 583 4145 Bncnnno,
601 4078 705 4132 medico
715 4079 784 4134 Mul-

130 4148 267 4215 husiensi,
296 4148 477 4221 excogitatum
507 4157 534 4199 et
570 4144 737 4209 adhibitum,
769 4159 785 4197 a

129 4216 271 4281 Ilusuxae,
308 4213 502 4284 hermacopola
517 4210 705 4266 sollertissimo
716 4213 786 4281 ejus·

132 4278 196 4400 diin
216 4230 330 4399 opptidl,
353 4280 528 4352 exploratum
551 4287 635 4349 atque
652 4294 786 4331 commen·

76 4376 82 4389 ·
182 4364 226 4398 um
242 4361 292 4401 es.

168 4416 303 4467 mauu
321 4418 464 4465 SdLlTUhl
485 4415 536 4465 vid.
550 4416 657 4464 Ferrum
673 4413 787 4463 muriati-

140 4498 199 4531 cum
217 4484 349 4545 oxydatum
366 4486 495 4546 (ΜΨ).

169 4548 300 4599 Faunum
317 4546 593 4613 susQulltlrnlctJht
619 4547 669 4598 vid.
683 4548 787 4595 Ferrum

133 4614 266 4666 uitricum.
613 4616 617 4624 '

175 4696 348 4759 FERBUM
363 4693 711 4761 susscaussoulcull
731 4697 777 4757 vid

131 4774 245 4830 crocus
261 4772 358 4829 hlsrtis
374 4771 526 4846 aperitivus
539 4782 581 4846 (p.
593 4773 666 4842 τος),

1400 289 1473 365 431

860 466 1035 529 annuunt
1048 465 1376 546 schaanannim,
1392 464 1475 527 sm-

819 547 1040 631 phuretum
1082 548 1208 610 Ferri.
1258 549 1476 626 &buricellum
1581 546 1585 553 ’

848 632 948 705 eluisti>
967 631 1177 705 &bmeiebiiem
1198 634 1324 712 Sulsure
1343 638 1381 693 de
1395 633 1464 693 Fer.

839 721 918 800 ,ἦρα
936 719 1095 798 limaturae
1112 719 1210 774 Martis
1234 720 1402 793 aequabilis,
1422 736 1475 775 neo

819 785 1478 921 latiatimLd'taattillaihiltlt:

820 919 892 971 Tum
911 918 1086 972 crucibulum
1105 916 1266 972 Bassiacum
1287 921 1345 989 (vel
1365 919 1477 1001 sartagi-

820 1002 883 1037 nem
901 982 1023 1038 ferream
1045 985 1134 1039 fusam
1154 1001 1208 1062 pro
1223 987 1372 1054 majoribus
1392 988 1478 1058 copiis

820 1048 961 1171 parandis)
976 1050 1040 1103 satis
1058 1064 1145 1119 capax
1159 1067 1185 1102 tn
1202 1048 1290 1121 ignem
1305 1053 1430 1123 impone,
1447 1062 1479 1106 ut

834 1116 924 1170 andus
936 1125 1042 1170 tantiam
1057 1133 1072 1169 a
1092 1116 1186 1168 calore
1207 1115 1327 1175 obscure
1342 1118 1479 1174 rubescat.

820 1183 852 1236 ln
867 1182 920 1234 hoc
935 1181 1062 1235 miseelae
1076 1180 1277 1262 portiunculam
1288 1182 1412 1245 (Libram
1428 1185 1479 1239 cir-

822 1247 893 1301 citer
907 1264 1000 1315 unam)
1012 1247 1133 1315 conjice,
1168 1263 1219 1299 uae
1232 1248 1321 1321 ignem
1335 1249 1479 1321 corripere

821 1331 927 1367 moram
944 1331 1000 1367 non
1023 1314 1113 1367 faciet
1145 1264 1166 1366 iI
1196 1314 1202 1325 '

821 1390 901 1433 cente
913 1397 976 1432 cum
990 1377 1088 1434 ardore
1101 1395 1187 1450 quum
1201 1395 1254 1451 per
1268 1390 1351 1434 totam
1364 1397 1479 1436 massam

821 1446 882 1499 fere
895 1444 1063 1528 migraverit,
1077 1446 1194 1501 alteram
1207 1455 1310 1499 tantum
1324 1449 1481 1517 portiuncu—

820 1511 875 1565 lam
892 1512 981 1580 injice,
991 1528 1063 1583 quae
1076 1510 1155 1567 simili
1163 1510 1244 1564 modo
1258 1510 1327 1565 defla
1346 1513 1427 1568 rabit.
1438 1515 1480 1569 lta

820 1528 1481 1697 pergedonecmiscelatotainjecta,veiorucibu-

833 1661 878 1697 um
888 1659 919 1696 re
941 1642 1025 1697 letum
1035 1643 1125 1696 fuerin
1142 1642 1325 1696 Crucibulum
1335 1645 1408 1699 inter
1415 1648 1480 1701 haec

821 1662 1033 1781 opercriioapto
1044 1724 1154 1779 semper
1164 1707 1320 1782 obtegatur.
1343 1711 1481 1783 Denique,

821 1793 908 1849 quum
927 1775 1033 1828 flamma
1052 1774 1219 1845 sulphurosa
1238 1775 1341 1849 emergi
1359 1777 1480 1850 abrupte

821 1839 1103 1906 cessaverit,stratum
1113 1838 1402 1895 PulverisCarbonum
1412 1862 1479 1899 mas

821 1922 866 1963 sae
874 1904 1000 1960 candenti
1009 1906 1146 1979 insperge,
1154 1916 1191 1970 et,
1199 1906 1480 1980 operculnimposito,

821 1971 912 2027 emnia
922 1971 1111 2043 refrigeranda
1117 1988 1229 2043 sepone.
1242 1974 1361 2028 Massam
1369 1977 1481 2050 conglu-

820 2041 932 2094 tinatam
944 2039 971 2090 in
985 2038 1118 2092 mortario
1132 2036 1280 2107 contunde,
1296 2048 1324 2093 et
1337 2039 1364 2093 in
1377 2042 1480 2113 lagenis

821 2106 893 2160 bene
910 2103 1075 2158 obturandis
1091 2120 1179 2159 serva.

864 2170 1007 2224 Limatura
1024 2166 1163 2224 dimidium
1182 2169 1225 2225 sui
1242 2168 1372 2243 ponderis
1394 2171 1481 2227 iucre-

823 2247 945 2292 mentum
962 2236 1043 2308 capit.

859 2309 949 2359 osus:
960 2302 1097 2355 chemicue
1106 2303 1289 2384 plerumque3
1301 2301 1416 2358 inservit
1424 2320 1479 2377 pro

822 2366 953 2441 parandis
967 2368 1135 2439 corporibus
1150 2368 1276 2423 chemicis
1293 2368 1390 2436 variis,
1405 2386 1481 2442 egr.

824 2441 905 2507 Aqua
916 2431 1178 2505 hydrosulphnrata,
1190 2433 1462 2504 llcidohydrojodico
1469 2455 1479 2505 3

825 2517 876 2572 pro
891 2497 1105 2572 praecipitandis
1114 2499 1229 2554 metallis
1242 2515 1275 2553 ex
1284 2498 1479 2570 solutionibus,

824 2584 878 2640 pro
896 2563 1052 2637 detegendis
1067 2566 1182 2619 metallis
1197 2565 1301 2620 nocivis
1319 2576 1480 2635 venenosis,

825 2631 976 2695 Arscnico,
994 2631 1129 2695 Plumho,
1148 2630 1308 2698 Mercurio,
1324 2641 1376 2686 cet.

859 2698 969 2753 Sullicit
992 2712 1105 2767 quoquc
1134 2696 1304 2751 Limaturem
1331 2697 1429 2752 Martis
1453 2708 1482 2752 et

825 2766 848 2818 F
850 2764 926 2817 lorea
938 2761 1088 2833 sulphuris
1100 2770 1218 2814 atratum
1231 2779 1317 2835 super
1328 2773 1444 2817 stratum
1453 2763 1481 2819 iu

826 2827 1002 2885 crucibulum
1011 2827 1165 2899 imponere,
1180 2828 1283 2882 scilieet
1293 2829 1481 2901 utSulphuris

826 2904 945 2951 stratum
961 2893 989 2947 in
1009 2892 1096 2947 funde
1123 2893 1251 2963 incipiat,
1274 2904 1303 2948 et
1322 2895 1481 2951 Limaturae

827 2971 945 3016 stratum
963 2975 1085 3031 superne
1105 2960 1186 3011 linem
1206 2959 1295 3012 faeiat.
1330 2960 1481 3032 Praepara-

828 3038 886 3081 tum
896 3025 1160 3097 praestantissimum
1173 3040 1239 3077 vcro
1250 3024 1401 3077 secuudum
1410 3026 1482 3080 Gaa-

827 3113 867 3148 ιιι
883 3089 1041 3144 methodum
1054 3090 1212 3157 obtinetur,
1239 3105 1312 3160 quae
1331 3090 1378 3143 tali
1398 3090 1481 3145 modo

829 3168 985 3212 exercetur.
1029 3154 1182 3215 Rudiculae
1222 3157 1304 3208 Ferri
1333 3154 1482 3211 labrorum

829 3223 1038 3294 (berniciorum
1079 3221 1131 3275 ini
1152 3221 1177 3273 nl
1196 3221 1431 3276 vehementissimo
1448 3221 1482 3276 ad

830 3289 984 3345 albedinem
1011 3294 1023 3358 (
1061 3238 1225 3359 uindiciae)
1257 3287 1421 3355 calefactae,
1451 3298 1482 3344 ut

829 3354 958 3413 scintillas
973 3365 1168 3409 corruscantes
1183 3372 1196 3406 s
1234 3364 1331 3425 rgant,
1350 3371 1413 3407 cum
1425 3355 1484 3409 fru-

830 3422 908 3477 stulis
919 3421 1067 3493 Sulphuris
1083 3420 1173 3474 citrini
1185 3370 1347 3485 iiiinuntur,
1365 3435 1423 3492 quo
1439 3423 1483 3488 fit,

832 3500 863 3544 ut
884 3488 1087 3559 Sulphuretum
1109 3485 1191 3540 Ferri
1210 3483 1432 3540 excandescentis
1453 3487 1484 3540 li·

831 3554 991 3627 quefactum
1016 3552 1136 3619 defluat,
1162 3563 1190 3607 et
1205 3551 1233 3605 in
1256 3568 1318 3605 vase
1338 3553 1484 3623 supposito

832 3636 905 3740 ἔφη
921 3619 1122 3739 ἠίςίῗὲηρᾞιιε
1139 3617 1485 3738 {uscipiaturrlludicula

832 3702 1126 3823 difflueiicrmdigni
1134 3701 1487 3805 sariiiidii'c'btiiffii·

833 3815 944 3871 terdum
958 3816 1041 3887 ignita
1053 3834 1086 3869 ex
1095 3817 1156 3888 igue
1164 3815 1281 3869 tollitur.
1297 3818 1399 3889 Magna
1410 3834 1487 3889 prae·

834 3882 925 3956 parati
945 3882 1031 3961 moles
1047 3881 1127 3936 brevi
1144 3892 1271 3962 tempore
1288 3881 1486 3965 obtineturat·

834 3946 1488 4085 ettitllfflttiit‘nttgallatiae

834 4096 901 4155 gere
914 4097 970 4133 non
985 4082 1100 4149 poteris,
1109 4081 1201 4133 oleum
1210 4089 1239 4133 et
1252 4096 1368 4151 operam
1378 4080 1487 4153 perdes.

834 4153 1003 4268 MFEfillUllf
1019 4154 1256 4202 sULPfluulcuat
1280 4152 1332 4202 sid.
1348 4153 1487 4203 Vitriolum

862 4231 932 4269 ml&

877 4299 1049 4361 FERRUM
1075 4299 1401 4362 TARTARlSATUM
1433 4307 1487 4365 vid.

835 4376 969 4429 Tartarus
987 4370 1173 4443 chalybeatus.

868 4448 1005 4524 manure
1028 4448 1251 4496 vlralohs'wni
1279 4447 1329 4496 tid.
1349 4444 1490 4493 Vitriolnm

835 4514 1002 4631 M'diiiiillilbl
1019 4579 1192 4628 zuencua
1208 4578 1260 4629 vid.
1272 4574 1422 4627 Caeruleum
1447 4577 1493 4625 Be·

839 4644 966 4695 colinense
982 4647 1024 4706 (l,
1043 4662 1068 4708 p·
1089 4650 1139 4703 38).

871 4712 998 4761 ΒΒΟΗΕδ
1014 4711 1109 4759 sauls
1133 4725 1153 4758 s.
1171 4707 1303 4758 Viridis
1319 4705 1420 4759 Aeris
1439 4706 1491 4759 rid.

839 4782 939 4844 herme
955 4775 1082 4827 destillats
1098 4776 1143 4840 (1,
1159 4791 1185 4841 p.
1203 4779 1237 4837 a).

1159 1330 1217 1385 guis
1234 1331 1400 1370 corruscans
1417 1315 1479 1388 glis·
