3550 5417
294 323 371 405 890
406 322 697 399 uxrrtacrtttu
718 319 1034 393 CASCARILLAE
1054 360 1103 374 -
1115 321 1405 393 EXTRACTUM
1427 322 1651 396 CASTORE}

295 494 678 597 uxultacr'tut
721 506 949 596 0ΑὸοΑ-

296 625 539 710 Rlnnau.
583 618 947 708 wendilmarum.

353 744 539 825 liutruit
565 741 617 825 de
644 741 885 828 Oescurille.

330 862 442 926 Syros:
455 857 617 910 Extractum
634 856 830 911 Caesariileea
853 872 950 908 uosum

296 922 342 976 vel
372 939 525 975 ummosnm
548 923 709 977 Extractum
727 923 843 977 chacers
867 937 913 989 ee,
929 938 951 974 s.

297 987 339 1042 Co
369 988 415 1041 'cis
431 987 611 1043 Ghacarillae.

297 1084 379 1155 Rec.
404 1077 775 1157 CorticisCascarillae
793 1087 950 1156 minutim

346 1182 486 1252 contusi
502 1177 648 1251 Libram
664 1205 784 1264 unam,
804 1181 951 1255 infunde

346 1281 471 1376 Aquae
491 1280 689 1351 communis
708 1276 874 1354 ferventis
888 1282 952 1350 Li·

347 1374 434 1449 bras
457 1393 548 1459 tres,
580 1391 670 1449 stem
692 1381 728 1450 in
756 1378 952 1476 digestione

349 1471 465 1547 donec
498 1489 622 1572 sponte
660 1474 841 1575 frigefacto
868 1479 951 1565 sint,

348 1587 425 1646 tum
438 1597 481 1646 co
509 1600 553 1646 ue
562 1597 630 1674 per
639 1572 752 1649 horae
766 1573 952 1675 quadran-

349 1686 422 1743 tem
441 1599 629 1745 etlortiter
644 1676 811 1772 exprime.
844 1676 954 1746 Resi-

350 1767 462 1840 duum
499 1786 674 1868 coquatur
705 1775 830 1845 iterum
872 1797 953 1845 cum

348 1870 472 1965 Aquae
491 1872 687 1942 communis
699 1872 814 1944 Libris
831 1870 952 1958 tribus,

351 1980 388 2038 et
426 1968 640 2063 exprimatur
681 1966 799 2067 liquor
842 1967 953 2065 idque

350 2064 510 2153 iteretur,
548 2061 664 2136 donec
694 2091 787 2164 aqua
817 2065 953 2137 nullum

352 2160 503 2258 amplius
523 2183 689 2257 soporem
711 2180 823 2260 atque
846 2162 955 2236 colo-

352 2283 429 2330 rem
448 2261 672 2334 intensiorem
694 2265 858 2362 acquirat
886 2263 955 2334 Li-

352 2382 488 2455 quores
525 2361 575 2432 sic
606 2359 741 2433 obtenti
779 2363 956 2435 commixti

351 2454 571 2529 subsidentia
616 2474 650 2530 et
689 2458 955 2531 decanthatione

353 2551 518 2651 depurati
541 2574 737 2656 evaporent
763 2556 811 2627 ad
832 2583 955 2630 rema-

352 2654 505 2726 nentiam
522 2654 708 2727 Librarum
728 2656 848 2750 trium,
866 2682 956 2753 quas

352 2752 388 2822 in
431 2776 515 2824 vase
556 2753 782 2847 porcellaneo
824 2752 955 2827 balneo

354 2850 540 2947 aquaevel
554 2853 695 2950 vaporis
708 2851 765 2926 vel
775 2852 956 2925 Calcariae

353 2950 562 3022 muriaticae
579 2954 739 3048 exposito
751 2948 797 3023 ad
813 2954 956 3025 extracti

352 3047 611 3143 spissitudinem
643 3049 774 3148 redige
796 3093 844 3107 -
867 3049 955 3124 Vs:

352 3148 527 3235 excitano,
560 3147 785 3237 calefaciens,
819 3152 955 3234 tonica,

351 3242 583 3335 stomachico,
610 3248 820 3348 antiseptica.

346 3342 393 3404 Sit
406 3343 538 3404 obscure
552 3344 689 3418 fuscum,
712 3348 830 3427 saporis
847 3347 955 3408 Casca·

302 3415 412 3564 ἕρπε,
432 3423 463 3486 iu
486 3446 562 3509 aqua
588 3429 737 3489 solutione
759 3426 881 3489 turbida
907 3449 955 3490 so·

356 3525 366 3564 ι
380 3524 406 3565 e.

351 3586 451 3647 Usus:
472 3587 503 3648 iu
515 3586 865 3670 digestiouedebilitata,
884 3613 956 3653 auo-

185 3665 196 3675 ’
305 3667 409 3744 reaia,
438 3667 578 3732 febribus
599 3672 752 3753 pituitoaia
770 3674 884 3735 (lisinae
907 3696 956 3737 so·

306 3745 438 3825 clatum,
459 3752 651 3832 dysenteria,
672 3765 731 3817 cet.

341 3825 387 3908 Pla
412 3828 526 3898 Suom,
548 3830 774 3887 Slesvnflols.
797 3839 955 3902 potissimum

307 3895 440 3947 uobiscum
455 3904 624 3952 eonmntiuut.
641 3908 725 3966 Aquae
740 3906 891 3968 ponderibus
908 3922 957 3954 ma·

306 3961 646 4041 ximendiacrepaotcodicea.
664 3970 747 4018 Nimia
763 3974 833 4035 copia
843 3971 956 4020 adhibita

305 4031 461 4095 praecipium
471 4035 710 4084 aromaticuminter
722 4038 920 4101 evaporationem
928 4039 956 4085 iu

306 4107 377 4141 auras
389 4096 456 4155 abitt
475 4102 542 4161 quod
559 4100 709 4164 vituperium
728 4098 867 4151 Pit.Bor·
885 4094 958 4151 ed.5.

307 4168 333 4205 et
347 4152 467 4209 Sason.
481 4157 525 4212 ed.
537 4176 562 4212 a.
581 4165 689 4215 maxime
702 4166 842 4217 subierunt.
861 4159 956 4232 Diep.

306 4216 332 4269 F
340 4216 408 4275 uld.
425 4227 554 4278 corticum
569 4230 717 4280 Cascarillae
730 4234 756 4281 iu
775 4233 909 4282 filtratorio
923 4233 956 4282 la·

307 4303 356 4338 neo
373 4306 438 4356 aqua
460 4295 552 4345 fervida
568 4295 647 4345 inlusa
668 4299 766 4347 extraii
787 4297 856 4358 vult;
880 4300 957 4348 nimis

307 4355 361 4405 etto
382 4375 438 4409 vero
454 4376 519 4433 aqua
540 4360 642 4423 defluit,
667 4380 741 4426 quam
764 4380 827 4427 quae
849 4367 956 4413 saturari

309 4432 435 4484 queat-
451 4422 546 4491 Dasp.
565 4424 727 4489 Brunsv.,
743 4425 854 4479 Parm.
873 4437 957 4493 aquae

307 4499 388 4549 partes
397 4494 616 4542 sexetcostionem
625 4506 777 4556 proponunt,
791 4487 845 4541 Ph.
858 4491 882 4542 F
884 4507 956 4543 cun.

308 4553 364 4613 his,
384 4567 410 4605 et
426 4550 480 4607 Pb.
494 4552 588 4607 Hass.
612 4571 649 4607 ter
670 4575 729 4608 cum
750 4559 862 4624 sextuplo
880 4578 958 4623 aquae

307 4621 418 4734 pitpdetff
431 4623 528 4673 extrahi
538 4625 639 4681 volsum
660 4619 715 4674 Ph.
728 4622 818 4674 Saxo
826 4638 851 4673 u.
861 4622 958 4687 (1820),

363 4698 389 4735 m
415 4726 422 4739 .
446 4702 522 4755 οπως
551 4686 606 4739 Pb.
627 4685 706 4738 Bor.
732 4683 774 4740 ed.
795 4685 828 4753 d,
856 4687 958 4752 Dan,

307 4744 721 4878 Hanu,01denb.¹primum
737 4770 810 4814 octo.
828 4769 883 4807 tum
900 4775 958 4823 qaa-

309 4824 368 4866 tuor
382 4834 461 4885 aquae
476 4834 573 4891 partes,
625 4817 654 4876 lt.
666 4820 738 4877 Bata
752 4836 778 4877 et
792 4816 891 4893 Betg.
908 4825 957 4893 pri·

999 517 1073 565 mum.
1084 501 1183 559 desem,
1200 499 1307 549 alteram
1328 512 1387 549 octo
1403 512 1497 565 partes3
1515 495 1571 550 Ph.
1588 472 1652 548 lta-⁰

1000 577 1068 645 vett
1079 578 1110 644 ‘et
1120 561 1164 613 Fe
1173 577 1230 644 mi
1239 579 1261 616 r.
1280 567 1428 643 duodecim
1445 561 1502 617 Pb.
1513 561 1650 615 Amstel.

998 643 1168 746 satiri
1186 625 1599 763 tt¹2tt¹t.2..!3i·.ttt..t¹.·
1615 628 1651 749 t:

999 763 1104 813 midium
1119 764 1226 827 decoqui
1240 764 1420 826 praescribuut.

1060 851 1314 914 Etruscum
1363 851 1652 914 CASCARILLAE

998 931 1295 1029 SPlRl'lUOSUll,
1316 953 1339 993 a.
1360 933 1651 1007 alcobolicum,

999 1032 1651 1092 s.res1noaum,s.gammam-re·

999 1096 1181 1157 sinosum.
1221 1099 1432 1179 urtngetutps
1460 1098 1652 1163 sescentos

1001 1188 1111 1252 stituit.
1131 1180 1253 1238 Emicuit
1266 1179 1426 1260 olcooliquc
1435 1180 1472 1240 de
1483 1180 1652 1243 Cuscorilla.

1040 1255 1107 1310 Rec.
1139 1253 1259 1308 Gortieis
1278 1255 1445 1308 Cascarillee
1468 1255 1652 1329 grossiuscule

1000 1318 1138 1391 pulverati
1160 1336 1188 1390 q.
1205 1338 1247 1384 ι,
1271 1319 1382 1375 inluude
1402 1319 1477 1392 Spir.
1502 1321 1567 1375 Vini
1583 1332 1651 1377 rect.

1000 1395 1106 1439 tantum
1127 1395 1158 1437 ut
1175 1402 1262 1440 massa
1284 1387 1390 1457 pultem
1406 1386 1517 1440 fluidam
1537 1398 1653 1458 aequet,

999 1451 1061 1505 l'ore
1081 1452 1108 1505 in
1124 1451 1224 1503 balneo
1242 1468 1330 1522 aquae
1347 1453 1404 1506 sinc
1422 1452 1583 1508 ebullitione
1600 1470 1653 1524 per

1000 1534 1047 1570 sex
1065 1518 1108 1571 vel
1123 1526 1186 1571 octo
1203 1518 1284 1571 bovas
1301 1519 1346 1571 vel
1367 1518 1413 1572 lon
1433 1519 1489 1584 ius,
1515 1518 1652 1590 exprime,

1001 1582 1140 1637 residuum
1154 1581 1244 1635 denuo
1257 1583 1353 1637 eodem
1362 1535 1444 1639 motio
1457 1595 1502 1637 ter
1517 1595 1652 1657 quaterve

1001 1659 1106 1716 tracta,
1121 1648 1246 1719 liquores
1263 1666 1409 1720 expressos
1427 1648 1594 1704 subsidentia
1607 1648 1652 1703 de·

1002 1725 1117 1786 puratos
1131 1725 1157 1767 et
1169 1715 1330 1768 clarelactos
1348 1715 1520 1770 destillationi
1538 1717 1652 1787 subjice,

1002 1791 1030 1834 et
1051 1779 1189 1835 residuum
1208 1781 1344 1834 lenissimo
1363 1784 1455 1836 calore
1480 1781 1514 1835 ad
1538 1782 1654 1837 extracti

1002 1844 1204 1918 spissitudinem
1234 1864 1364 1918 evaporat.
1404 1851 1465 1901 Hoc
1499 1859 1653 1902 extractum

1002 1929 1108 1995 aquoso
1118 1912 1173 1965 imo
1184 1910 1421 1984 anteponendum,
1438 1932 1524 1987 quum
1533 1915 1653 1986 Spiritus

1002 1980 1063 2034 Vmi
1079 1979 1183 2032 leniore
1199 1979 1292 2032 calore
1318 1980 1436 2052 abigitur
1459 1998 1543 2052 quam
1562 1994 1653 2052 aquae

1001 2053 1076 2099 tanta
1093 2043 1186 2097 moles.
1208 2043 1240 2097 ln
1257 2044 1426 2116 inspissando
1438 2062 1473 2099 ne
1484 2046 1595 2099 nimium
1612 2064 1655 2099 ca·

1002 2111 1091 2165 iorem
1105 2108 1407 2181 adhibeae,quomagna
1421 2113 1535 2165 extracti
1549 2113 1653 2184 parsfit

1003 2175 1305 2241 insolubilis‚cave.-P
1314 2178 1339 2233 b.
1349 2178 1472 2231 Polou.
1486 2186 1555 2233 Cora.
1569 2187 1653 2233 Casca·

1004 2249 1077 2297 rillae
1092 2250 1160 2296 tttr.
1181 2264 1273 2305 unam,
1290 2264 1349 2297 cum
1370 2258 1452 2313 Aquae
1471 2251 1541 2298 Libr.
1563 2267 1651 2299 novem

1004 2327 1028 2363 et
1040 2316 1098 2379 Spir
1121 2314 1180 2361 Vini
1196 2325 1256 2362 rect.
1275 2316 1337 2362 Liba
1360 2332 1408 2364 uua
1421 2317 1532 2371 extrahi,
1549 2315 1600 2364 leui
1616 2332 1654 2364 ca·

1005 2381 1058 2429 lore
1071 2379 1186 2428 adhibito
1201 2380 1324 2443 exprimi,
1342 2382 1464 2444 Spiritum
1482 2381 1654 2430 destillatione

1003 2446 1124 2559 'stit’
1143 2446 1582 2560 itiit““¹0{3:⁹⁵t'.t.itt‘t.r
1598 2442 1653 2561 ll.

1095 2545 1119 2573 .,
1237 2548 1242 2559 .
1491 2548 1495 2557 .
1576 2546 1583 2560 .

1004 2578 1142 2626 extrahitur
1149 2578 1286 2641 digestione
1294 2593 1351 2625 cnm
1363 2579 1474 2641 quinque
1480 2579 1510 2626 ad
1519 2594 1560 2626 sex
1570 2579 1654 2627 Libri·

1004 2645 1069 2708 Spir.
1082 2643 1141 2691 Vini
1165 2653 1242 2703 rect,
1261 2643 1388 2692 residuum
1406 2660 1464 2692 cum
1483 2649 1569 2709 Aquae
1585 2644 1654 2694 Liltr.

1005 2710 1085 2759 tribus
1099 2708 1226 2772 coquitur,
1244 2709 1376 2759 decoctum
1391 2709 1521 2759 albamiue
1531 2709 1654 2759 clarifica-

1005 2780 1061 2834 tur',
1071 2773 1177 2838 spiritua
1185 2774 1354 2823 destillatione
1360 2776 1509 2837 messuitur,
1523 2775 1653 2823 residuum

1004 2840 1158 2905 inspissatur.
1178 2864 1212 2877 -
1228 2833 1282 2888 Ph.
1303 2834 1400 2892 nubl.
1427 2842 1517 2889 Cortex
1532 2840 1653 2906 digeritur

1005 2924 1062 2956 cum
1081 2904 1220 2969 quadruplo
1243 2907 1352 2969 pondere
1372 2907 1481 2971 Spiritus
1495 2908 1555 2954 Vini
1576 2915 1652 2965 rest,

1005 2984 1059 3022 tam
1069 2971 1194 3019 residuum
1203 2987 1344 3035 expressum
1356 2988 1413 3022 cuas
1423 2980 1468 3036 aq.
1484 2989 1576 3022 uorum.
1583 2971 1652 3020 biba.

1004 3040 1089 3086 decem
1105 3038 1135 3086 ad
1150 3037 1210 3085 duaa
1221 3038 1354 3101 coquitur,
1371 3040 1468 3102 Spiritu
1484 3037 1655 3087 destillatione

1003 3105 1089 3152 elicito
1109 3102 1235 3150 residuum
1251 3117 1407 3167 evaporatur.
1427 3128 1459 3141 -
1480 3101 1503 3153 P
1512 3098 1538 3150 h.
1552 3094 1655 3151 Sard.

1004 3173 1069 3219 Viuo
1092 3169 1174 3232 parari
1193 3169 1246 3216 vult
1265 3171 1295 3218 ad
1318 3173 1422 3219 modum
1441 3172 1509 3219 Exta.
1524 3168 1653 3220 attinuit

1002 3237 1112 3300 ejusdem
1130 3234 1232 3282 Pharus.

1046 3324 1298 3387 Exrnacruu
1321 3326 1509 3403 cassias,
1529 3326 1656 3386 sces-

1005 3408 1082 3469 aiae
1110 3404 1295 3480 fistulae,
1327 3410 1453 3486 Pulpa
1481 3409 1653 3468 Cassiae.

1005 3486 1330 3567 &dissutotitntsttest
1361 3492 1483 3552 durau
1505 3493 1541 3551 de
1559 3492 1656 3552 Cossa

1040 3566 1094 3621 Pla.
1113 3563 1204 3618 Gall.
1232 3574 1326 3635 (1837).
1361 3574 1396 3620 Ea
1415 3573 1541 3623 fructibus
1561 3572 1656 3620 Cassiae

1005 3636 1136 3703 apstbulae
1147 3652 1194 3698 ope
1208 3636 1321 3700 pulpam,
1335 3640 1428 3686 semina
1441 3654 1470 3687 ae
1484 3638 1658 3701 dissepimeuta

1005 3705 1100 3763 exime,
1123 3703 1193 3751 dilue
1211 3712 1296 3765 Aquae
1313 3704 1452 3753 destillatae
1468 3705 1523 3768 pari
1549 3703 1658 3768 pondere

972 3810 974 3819 .
1008 3769 1152 3827 iruetnum,
1179 3767 1266 3830 trajice
1285 3786 1329 3832 per
1351 3770 1466 3818 cribrum
1489 3782 1611 3818 setaceum
1631 3777 1658 3815 et

1006 3836 1161 3899 evaporando
1181 3833 1230 3882 leni
1247 3834 1330 3882 calore
1353 3837 1382 3883 ad
1401 3837 1504 3884 extracti
1520 3832 1656 3897 spissitudi-

1007 3918 1063 3949 nem
1078 3893 1272 3965 Νῶρα-ΡΙ).
1284 3896 1354 3949 Bat.
1371 3918 1461 3966 aquam
1478 3900 1594 3949 fervidam
1606 3893 1656 3942 lau·

1006 3967 1057 4015 dat.
1088 3961 1195 4014 Taooaa
1220 3982 1319 4029 quoque
1335 3968 1434 4033 recipit.
1469 3954 1654 4013 limus-Gom.

1005 4034 1108 4081 suadent
1117 4034 1212 4080 tructus
1219 4043 1335 4081 contusos
1348 4036 1375 4082 in
1386 4030 1657 4096 diaphragmateaquaa

1006 4099 1103 4162 tepidae
1125 4097 1244 4145 immerso
1266 4100 1359 4162 aterni,
1387 4109 1442 4163 post
1463 4095 1563 4160 aliquot
1584 4093 1658 4142 heras

1006 4164 1089 4225 trajici
1105 4174 1131 4212 et
1147 4163 1281 4228 inspissari.
1668 4222 1670 4227 Α

1037 4245 1237 4294 Exruacrtttt
1252 4243 1380 4294 cassus
1395 4239 1523 4289 annuat:
1545 4239 1598 4289 vid.
1614 4241 1659 4289 Ex·

1007 4324 1115 4362 tractum
1133 4312 1235 4359 Scaeae.

1037 4402 1236 4450 EXTRACTUM
1266 4396 1503 4449 CASSUMUNlAli.
1535 4392 1660 4464 ffiiodtllit

1052 4472 1198 4519 uuetttstt.
1222 4466 1342 4517 Ectvoit
1354 4464 1388 4513 de
1403 4463 1613 4515 Cessasmans‘er.

1038 4528 1128 4601 Disp,
1138 4525 1235 4582 Futd.
1245 4536 1275 4581 ad
1287 4533 1431 4580 methodum
1441 4533 1660 4590 suam,voceExtr.

1006 4600 1156 4650 Cascarillae
1169 4600 1296 4665 spirituosi
1311 4599 1458 4661 expositam,
1473 4599 1554 4661 parari
1565 4607 1660 4646 mouet.

1039 4691 1239 4742 EXTttacrtlnt
1257 4689 1425 4739 castottlit.
1441 4683 1660 4756 litteratissime.

1155 4755 1276 4808 Batauis
1291 4753 1324 4807 de
1343 4754 1515 4809 castoreum.

1038 4814 1136 4889 Disp.
1151 4817 1302 4873 Brunsv.
1321 4824 1606 4876 Castorsumcousisam
1618 4819 1661 4869 its·
