3550 5417
262 366 265 370 a
305 295 380 365 '114
430 288 515 358 SAL
540 280 828 361 ALEMBROTH
853 317 901 330 -
928 276 1012 347 SAL
1037 272 1289 346 AMMONIAC.
1314 272 1592 345 MARTlATUM

352 473 421 533 Sint
431 468 563 527 “ustula
576 466 746 538 compacta,
761 462 852 535 dura,
867 457 964 518 albis·

310 556 403 628 simu,
433 554 570 610 texturae
595 548 727 604 librosae
752 541 964 615 crystallinae,

311 635 413 696 odoris
430 628 589 705 peculiaris
604 627 755 702 insignis,
774 624 963 683 Ammonium

310 724 393 779 rorte
406 711 581 773 redelentia.

350 802 387 856 lu
408 799 482 871 igne
506 794 596 866 plane
622 791 736 861 evolet,
772 790 910 846 solvatur
933 785 964 843 in

309 894 409 955 aquae
428 878 528 949 duplo.
569 872 686 933 solutio
709 886 776 931 eum
796 869 883 927 acido
903 869 964 938 by-

309 961 497 1022 drothionieo
510 958 640 1014 colorem
653 969 712 1010 non
727 954 879 1025 monstret,
897 966 964 1007 eum

309 1045 397 1104 acido
414 1039 520 1099 uitrico
538 1041 671 1096 saturato
689 1048 785 1106 neque
802 1049 869 1089 cum
886 1032 965 1088 sali-

308 1130 368 1188 bus
384 1120 548 1194 berytiois,
572 1132 669 1189 neque
687 1132 754 1173 oum
774 1114 891 1171 salibus
911 1128 964 1170 ar-

309 1204 432 1286 genteis
443 1200 670 1278 praecipitatum
682 1197 801 1273 gignat.

357 1288 457 1346 Usus:
484 1283 515 1342 in
535 1282 671 1342 febribus
690 1277 844 1351 nervosis,
869 1278 964 1333 rbeu-

310 1370 448 1430 matismo
457 1365 609 1439 manico,
620 1360 769 1435 paralysi,
781 1365 855 1431 oet3
868 1358 964 1431 phar-

311 1450 496 1511 maceutiuus
518 1461 571 1520 pro
591 1444 724 1518 parando
740 1442 858 1515 Spiritu
877 1441 963 1497 Mm-

310 1550 423 1607 nanum
437 1536 468 1590 et
479 1528 595 1588 salibus
608 1524 794 1584 Ammoniois
806 1521 944 1580 diversis.

352 1621 401 1677 Sal
414 1617 525 1672 volatile
538 1617 641 1672 siccum
658 1616 685 1667 iu
703 1620 859 1666 mercatura
872 1619 965 1663 tantae

311 1688 441 1743 bonitatis
454 1695 539 1804 atpue
554 1681 682 1802 puritatis
695 1678 821 1745 obvenit,
838 1685 870 1730 ut
883 1677 966 1746 phar·

310 1743 966 1891 uturlarotaluaupttrau

333 1885 377 1940 uia
397 1884 425 1940 iu
445 1876 642 1953 praeparandis
660 1892 763 1949 magnis
782 1890 868 1945 copus
885 1887 966 1944 espe-

312 1949 411 2007 rreutia
425 1947 578 2020 colligitur,
591 1959 663 2015 quac
677 1941 784 2013 singulo
799 1938 875 1993 deest
882 1948 965 2017 ..tum

313 2024 381 2090 quia
390 2008 576 2132 praeparandi
586 2007 752 2064 conditiones
762 2002 966 2075 aequabiliorcs

313 2092 387 2137 sunt.
420 2078 457 2133 Sa
469 2078 471 2081 ’
483 2075 593 2131 volatile
607 2074 725 2144 denique
738 2084 793 2126 tarn
808 2071 868 2123 vilis
881 2069 966 2141 pretii

311 2151 339 2202 in
353 2153 396 2202 Au
416 2146 451 2198 lia
464 2160 497 2197 er
511 2142 572 2215 pice
589 2140 693 2211 liquida
709 2137 921 2193 lithantbracum
938 2144 966 2189 et

313 2212 393 2286 aquia
405 2212 457 2283 ipsi
471 2206 655 2262 inmutantibus
669 2211 872 2276 praeparatur,
887 2199 965 2272 quod

311 2279 340 2333 id
355 2276 454 2332 vilioris
467 2274 548 2347 pretii
564 2286 736 2393 praeparare
755 2284 887 2348 nequeas.
927 2271 965 2321 at

315 2361 412 2399 caveus
425 2342 453 2396 in
466 2337 617 2395 coemendo
652 2336 695 2391 ale
708 2335 812 2388 volatili
824 2349 859 2386 ue
873 2333 965 2386 Plum-

311 2412 379 2465 bum
390 2409 536 2472 contiueat,
545 2401 621 2478 quod
631 2400 744 2482 exoraris
753 2398 967 2478 refrigeratoria

312 2475 452 2599 pilumlsseia
472 2472 554 2590 simpl
576 2468 917 2587 pbradrtur,erteittuereussm
937 2481 966 2516 ru

347 2560 393 2596 um
415 2558 461 2593 um
474 2554 522 2592 car
543 2551 732 2613 onrcumwconr

311 2655 333 2734 †
353 2657 433 2718 SAL
449 2649 710 2712 ALEMBRO'FH.
742 2645 964 2722 lllrmbmtiiolp.

243 2736 244 2739 ¹
311 2741 363 2802 Sel
375 2735 566 2804 Alandrum,
580 2730 821 2816 Hydrocblorele
834 2732 872 2790 de
885 2729 964 2814 Mer.

447 2837 519 2880 eure
532 2826 561 2875 et
575 2812 831 2888 d'Ammonioque.

345 2908 400 2964 Pb.
414 2906 501 2962 Gall.
513 2902 592 2972 1837:
610 2902 675 2955 Res.
684 2899 819 2954 Men-curii
826 2897 966 2952 sublimati

312 2965 967 3045 eorroaivi,8alisAmmoniaci33partesaequa·

312 3044 369 3107 les,
385 3038 478 3094 intime
491 3033 647 3092 triturando
661 3033 753 3086 misce.
786 3032 860 3084 llaec
875 3039 967 3085 mistro

312 3110 385 3162 bene
408 3105 437 3159 in
459 3106 551 3158 locum
575 3100 638 3155 selis
660 3096 777 3178 duplicis
793 3094 967 3166 crystallissti

311 3171 504 3237 substituitur,
521 3163 598 3247 quod
611 3164 746 3219 difficilius
760 3170 789 3217 et
802 3161 967 3230 crystallisa·

312 3240 434 3295 tionibus
459 3233 584 3306 repetitis
606 3230 757 3285 obtinetur.
800 3227 873 3283 Olim
899 3226 967 3280 haec

313 3305 407 3359 mixtio
420 3296 604 3358 sublimationi
617 3294 834 3366 subjiciebatur,
854 3310 914 3365 quo
929 3292 968 3345 fa·

313 3382 388 3426 ctum
404 3379 461 3433 est,
477 3375 509 3420 ut
524 3363 595 3418 Salis
608 3361 777 3417 Ammoniaci
791 3376 888 3432 magua
901 3373 968 3430 pera

314 3437 435 3556 giblii?
442 3424 968 3552 ἰῖοῗιιιῖζῑῗῖἐῑᾶἱῗέἓὲιξήῗᾶἒυῢῗιξᾙ

314 3565 458 3622 corrosiva
470 3561 613 3617 obtentum
626 3558 720 3613 luerit.

313 3679 338 3755 ·l·
357 3680 436 3739 sal.
452 3674 705 3735 ALEMBROTH
725 3672 969 3731 modenulam

313 3752 370 3810 rid.
387 3750 544 3808 Mercurius
559 3747 759 3822 praecipitatus
775 3744 867 3800 albus.

314 3887 422 3965 sal.
462 3880 695 3961 AMARUM
733 3879 970 3956 DEPUBA-

348 4199 473 4260 Sysom:
490 4186 629 4267 Meguesia
646 4187 690 4242 sul
710 4187 806 4241 burico
819 4184 970 4257 depurata,

316 4269 409 4315 cetera
424 4257 583 4327 Synouyura
599 4253 661 4307 virle
700 4263 752 4307 art.
766 4252 796 4321 1,
811 4270 841 4324 p.
855 4249 915 4323 296.

314 4357 399 4428 Rec-
417 4349 506 4424 Salis
520 4349 631 4420 amari
649 4345 782 4421 venalis
798 4361 970 4443 quantum

367 4454 437 4542 vis,
453 4448 556 4523 solve
571 4448 609 4518 in
625 4452 749 4543 Aquae
768 4443 969 4516 communia

363 4551 443 4651 pari
457 4546 629 4646 pondere,
648 4542 729 4617 cola
741 4567 809 4641 per
821 4540 968 4612 linteum

362 4647 437 4745 (vel
452 4649 482 4721 si
497 4670 590 4747 opus
606 4644 730 4731 fuerit,
748 4639 853 4735 filim)
871 4654 905 4712 et
920 4635 967 4710 ad

363 4745 658 4845 crystalliaatiouis
696 4754 870 4842 punctum
909 4735 966 4812 fac

1064 477 1271 551 evaporare.
1293 449 1489 548 Crystallos
1501 448 1672 525 collectas

1025 598 1032 613 ·
1064 567 1099 623 et
1118 551 1155 623 in
1174 549 1279 624 linteo
1309 565 1478 648 eguttatas
1501 551 1595 622 sicca
1621 546 1672 621 ad

1064 651 1352 722 uiremetserva.
1383 648 1461 738 vis,
1485 646 1671 746 qualitates

1065 761 1099 819 et
1115 769 1195 818 usus
1216 744 1286 819 vid.
1304 750 1393 819 Part.
1410 749 1444 836 l,
1462 770 1497 844 p.
1513 769 1596 843 299.

1046 885 1107 933 sat.
1132 886 1364 937 AMMONleUlll
1392 886 1596 935 maronam
1617 884 1668 934 rid.

1015 948 1101 999 Floras
1113 950 1178 1000 Salis
1190 952 1350 1001 Ammoniaci
1363 950 1488 1015 simplices
1501 953 1536 1016 (p.
1550 953 1617 1011 433).

1046 1057 1108 1106 SAL
1125 1056 1354 1107 aromoltlacuni
1370 1057 1479 1106 runai
1499 1073 1519 1105 s.
1536 1054 1669 1105 salitum

1014 1121 1064 1171 rid.
1083 1120 1142 1172 Gela
1159 1122 1231 1171 salita
1246 1124 1283 1184 (p.
1299 1125 1364 1182 aab).

1015 1256 1122 1335 SAL
1142 1255 1513 1334 AMMONIACUM
1531 1255 1669 1332 MAR-

1014 1355 1234 1432 TIATUM.
1260 1353 1504 1453 blleulolotiot.
1528 1354 1671 1432 biems

1095 1458 1286 1530 morliolea
1304 1458 1596 1531 onsmosss'oculee.

1047 1578 1170 1639 annom:
1189 1573 1362 1627 Ammonium
1374 1571 1548 1627 muriatinum
1561 1571 1667 1626 martia·

1014 1647 1075 1691 tum
1101 1654 1125 1695 a.
1146 1639 1287 1704 martiale,
1319 1641 1441 1692 Ferrum
1458 1638 1665 1703 ammoniatam,

1014 1702 1115 1758 Floret
1127 1704 1214 1773 Auri,
1228 1705 1326 1758 Floras
1339 1704 1491 1772 martialea,
1505 1705 1603 1757 Floras
1616 1701 1665 1756 Sa·

1013 1768 1049 1823 lis
1059 1768 1227 1824 Ammoniaci
1238 1769 1377 1825 martiales
1387 1786 1409 1825 s.
1418 1769 1598 1835 haematiaati,
1611 1769 1667 1837 Hy·

1015 1831 1179 1890 drocbloras
1192 1835 1360 1889 ammonicus
1373 1853 1436 1889 cum
1450 1833 1667 1908 sesquichloreto

1014 1900 1111 1967 Ferri,
1128 1901 1210 1954 Ferri
1222 1900 1548 1970 Ammoniocbloridum,
1562 1898 1669 1954 bluriaa

1013 1966 1150 2019 Ammonii
1163 1966 1298 2036 serrium,
1318 1966 1415 2038 Aroph
1431 1971 1595 2031 Passerem,
1617 1965 1670 2019 ca·

1013 2029 1143 2112 leudulae
1156 2032 1315 2102 minerales,
1337 2035 1393 2086 Ena
1407 2031 1520 2097 Martis,
1544 2033 1600 2084 Ena
1613 2032 1669 2085 Ve-

1014 2101 1232 2162 nonullorum,
1256 2109 1307 2152 eet.
1345 2097 1521 2165 Cilenboltioer
1543 2096 1666 2156 almiri.

1014 2168 1139 2220 Muriete
1152 2169 1188 2221 ds
1200 2171 1260 2222 Fer
1274 2172 1303 2221 et
1313 2166 1554 2234 d’Assmoniepue.

1014 2258 1099 2332 Rec.
1122 2258 1210 2332 Salis
1225 2258 1443 2331 Ammoniaci
1459 2257 1587 2330 Uncias
1603 2278 1670 2328 ae·

1172 2358 1306 2448 decim,

1113 2457 1212 2527 Ferri
1228 2457 1403 2528 muriatici
1422 2452 1567 2552 oxydati
1583 2477 1671 2551 cry-

1162 2553 1319 2627 stallisati
1336 2554 1483 2625 Uneiam
1499 2576 1619 2641 unam,

1064 2653 1100 2723 in
1126 2675 1210 2724 vase
1237 2648 1468 2767 porcellaneo
1496 2647 1598 2723 solve
1633 2650 1672 2721 in

1029 2773 1037 2787 ·
1065 2772 1174 2847 quam
1198 2749 1340 2821 minima
1359 2754 1484 2846 Aquae
1504 2745 1672 2820 destilla-

1064 2862 1121 2921 tae
1138 2849 1259 2946 copia,
1275 2862 1349 2919 tum
1364 2845 1435 2919 leni
1448 2845 1566 2920 calore
1581 2847 1673 2918 inter

1065 2945 1275 3020 assiduama
1305 2946 1482 3020 irationem
1495 2942 1671 3044 agitaoulo

1066 3048 1195 3136 vitreo,
1213 2969 1310 3118 floridi
1326 3043 1383 3119 uel
1398 3043 1516 3143 ligneo
1534 3041 1581 3117 ud
1597 3043 1670 3115 sic·

1068 3170 1147 3217 cum
1163 3142 1295 3243 redige.
1340 3146 1507 3217 Servetur
1522 3143 1559 3213 in
1578 3140 1671 3214 vasis

1065 3244 1159 3318 bene
1176 3243 1313 3316 clausis.
1364 3245 1481 3314 Partes
1498 3255 1605 3313 const.
1625 3264 1671 3311 ex

1065 3342 1332 3439 praeparatione
1347 3354 1477 3439 patent
1511 3337 1597 3413 ro.-
1611 3363 1673 3411 re·

1066 3438 1226 3530 solvens,
1249 3439 1380 3528 tonica,
1401 3436 1585 3527 diuretica,
1606 3461 1672 3509 an·

1066 3535 1325 3627 thelminthica,
1345 3560 1610 3636 emmeuagoga.

1073 3657 1121 3716 Sit
1134 3672 1237 3715 massa
1249 3657 1349 3715 saliam
1360 3652 1673 3731 sumatisomssporis

1020 3741 1132 3799 austeri
1149 3738 1329 3815 pungentis,
1350 3755 1430 3812 equa
1446 3756 1485 3796 ex
1500 3743 1564 3797 toto
1581 3736 1671 3794 solu·

1018 3821 1099 3895 bilis,
1115 3822 1152 3879 sal
1168 3824 1267 3879 serem
1278 3820 1468 3896 humescere,
1481 3837 1547 3878 oum
1560 3819 1673 3878 bseillo

1018 3903 1291 3978 liquoreAmmonii
1301 3902 1427 3963 eaustiei
1434 3902 1603 3961 humectato
1613 3902 1673 3959 aal-

1018 3992 1099 4045 moto
1114 4001 1243 4058 vapores
1265 3986 1351 4043 albos
1374 4000 1433 4042 non
1454 3983 1580 4059 gignat,
1603 3997 1674 4043 eum

1018 4068 1177 4127 Ammonio
1196 4067 1331 4126 caustico
1350 4064 1464 4138 liquido
1487 4061 1673 4137 praeeipite-

1017 4155 1080 4208 tum
1099 4153 1220 4207 luscum
1238 4148 1379 4206 exhibeat
1392 4151 1421 4204 et
1435 4146 1534 4218 liquor
1551 4147 1672 4206 coletus

1019 4230 1130 4289 eoloris
1146 4230 1187 4288 sit
1204 4244 1329 4303 expers,
1345 4243 1403 4286 neo
1415 4228 1583 4284 oomuleus.

1064 4310 1163 4370 oms:
1177 4310 1208 4369 ln
1219 4307 1516 4369 obstructionelienls
1526 4307 1674 4367 aliorum-

1017 4409 1075 4468 que
1087 4392 1254 4467 viseerum,
1277 4387 1425 4462 oblorosl,
1440 4390 1596 4451 mensibus
1609 4390 1671 4449 im·

1016 4476 1144 4553 peditis,
1158 4477 1294 4536 febribus
1310 4470 1582 4533 intermittentibus.
1608 4484 1611 4491 “

1017 4561 1674 4697 ,ornamemmomm

1018 4694 1143 4751 Codices.
1175 4697 1237 4749 lam
1257 4688 1365 4762 pridem
1384 4692 1577 4748 sublimatione
1593 4707 1674 4764 pere·

1017 4765 1103 4819 batam
1117 4759 1189 4817 Salis
1202 4756 1374 4815 Ammoniaci
1386 4758 1538 4816 communis
1553 4756 1675 4814 cumbi·
