3550 5417
320 313 396 389 ⁰12
493 313 721 385 PASSULAE
745 309 1011 429 LaxaTtvaE
1035 356 1082 371 -
1109 321 1252 390 PASTA
1277 321 1523 392 aLTttaaaE

323 502 449 557 quatuor,
470 493 497 541 la
511 492 613 541 furuum
632 491 899 557 immittepaoecocto
912 493 973 543 iude
1023 504 1117 576 puta,
1138 516 1178 557 ηρ
1193 500 1224 556 in
1240 518 1331 558 unum
1348 498 1602 564 latngfflmtum
1623 520 1681 563 η.

321 572 435 616 remoto,
450 569 476 606 at
492 554 531 609 vai
547 558 584 606 ihi
602 558 732 621 relinque,
763 559 843 607 donec
856 559 974 624 'pamulae

320 624 489 673 intumuerint
504 636 529 673 et
547 623 702 672 mollefactae
717 626 776 674 siat.

1023 588 1152 639 maneat.
1208 580 1326 640 Moduli
1367 583 1488 642 nonnisi
1520 583 1685 649 levissime

1023 657 1104 720 Oleo
1128 660 1298 737 illinantur,
1320 664 1390 748 quia
1412 677 1494 743 pasta
1515 683 1572 745 per
1593 665 1675 726 illud

353 732 516 780 PassULaE
542 731 734 779 mmm
761 748 780 779 ⁸·
801 729 973 778 ⁰⁰³f⁶⁰ll⁰
1023 762 1203 802 rancescere
1214 756 1311 823 potest
1320 768 1329 824 3
1351 747 1539 808 Caturaann
1553 750 1675 809 Mercu-

501 795 665 861 pustulata
688 800 723 859 (p.
742 802 808 859 198).

353 871 406 925 Ph.
416 870 457 925 W
465 871 521 924 irt·
541 880 598 926 llec.
612 876 658 925 tot
675 878 770 925 &uuae
781 879 845 926 Une.
854 879 972 942 quatuor,

318 945 378 992 lind.
394 943 536 1006 Zingiberit
548 942 667 991 Dracina
683 959 758 990 uuam
773 954 799 991 et
811 946 899 1003 semis,
917 946 972 994 (lin-

1022 824 1060 882 rii
1082 826 1145 885 riri
1169 827 1299 905 guttulis
1323 828 1501 912 quibusdam
1525 832 1677 892 Stannum

1022 909 1052 965 in
1066 907 1239 990 Amalgama
1257 912 1367 969 mutari
1383 914 1557 991 proposuit,
1577 933 1675 996 aquo

315 1010 430 1057 namomt
450 1009 569 1057 unctu.
584 1008 972 1072 du··,a‹1.terv.unc.taiam,
1023 1000 1106 1069 paata
1127 989 1269 1052 facillime
1289 994 1412 1054 tollitur.
1434 994 1571 1072 Factae,
1591 1015 1676 1077 quae

318 1076 347 1122 in
368 1074 482 1123 colatura
501 1090 610 1139 expressa
633 1073 700 1121 eolre
723 1073 811 1122 sicet.
830 1075 883 1122 albi
900 1077 969 1123 Libr.
1022 1070 1191 1151 pellucidae
1217 1094 1338 1136 manere
1360 1096 1419 1136 non
1435 1074 1564 1156 debent,
1593 1083 1677 1139 intel·

318 1157 414 1201 unam,
440 1139 590 1188 solutionem
614 1139 720 1188 iuluude
745 1137 902 1188 Pamularum
924 1144 970 1190 mi·

317 1223 430 1266 norum,
457 1204 484 1253 io
498 1222 562 1269 aqua
572 1205 703 1253 communi
718 1206 749 1252 ad
769 1204 904 1254 mollitiem
918 1222 973 1255 coe-

317 1283 403 1319 torum
423 1283 450 1320 et
472 1288 486 1319 a
508 1269 630 1335 superflua
649 1270 800 1320 humiditate
820 1272 919 1319 modica
933 1289 972 1321 ex-

1022 1153 1173 1215 assiduam
1216 1157 1412 1237 agitationem
1454 1160 1676 1239 inspissentur3

1021 1234 1079 1295 aub
1100 1234 1192 1298 linem
1223 1250 1356 1300 aromata
1373 1238 1539 1319 addantur;
1572 1240 1678 1303 elion·

316 1337 454 1384 siccatione
467 1336 630 1384 liberatarum
645 1338 736 1384 Librae
754 1337 808 1384 uni.
843 1330 972 1386 phys.
1022 1316 1133 1378 dautur
1148 1319 1178 1380 io
1195 1320 1328 1382 tabulam
1346 1321 1477 1403 ligneam
1493 1324 1589 1405 amylo
1606 1325 1676 1406 pul·

317 1396 374 1448 lat.
400 1403 455 1449 fol.
479 1404 552 1477 seon.
576 1404 638 1449 ch.
657 1414 730 1458 octo,
754 1404 818 1450 Sem.
841 1403 971 1454 Foeuiculi
1022 1412 1127 1462 vetttlo
1145 1421 1360 1484 conspertum,
1392 1406 1441 1468 vel
1467 1426 1673 1468 matmol'fflm

316 1469 381 1516 Une.
400 1469 487 1529 semia,
508 1469 666 1515 cinnamum.
687 1467 803 1515 Drachm.
822 1469 900 1529 duaa,
925 1477 970 1534 Aq.
1021 1485 1091 1544 0100
1105 1482 1270 1546 inunctam,

315 1548 410 1582 comm·
421 1536 477 1582 serr,
491 1552 516 1598 q.
535 1551 554 1581 a.
572 1534 602 1581 ad
615 1532 752 1581 celaturam
772 1534 840 1582 Libr.
859 1537 932 1584 unius
947 1549 972 1586 et

315 1602 405 1659 remia,
429 1599 544 1648 Sacchari
563 1600 592 1646 ad
608 1596 721 1661 plumam
740 1600 822 1658 cocti,
846 1601 969 1653 Pausulae.
1054 1616 1154 1665 pam
1171 1616 1398 1666 affirmamus
1423 1613 1537 1667 nomm,

316 1664 409 1713 minor.
427 1667 570 1713 mundatur.
594 1665 620 1718 3
651 1664 721 1712 Libr.
746 1681 821 1713 uuam
845 1678 870 1715 at
888 1670 969 1717 umis.
1053 1697 1110 1745 nec·

315 1725 366 1778 Ph.
384 1726 466 1777 Dan.
493 1728 547 1779 Ful.
564 1731 638 1779 Seuu.
662 1732 725 1778 Uno.
741 1743 865 1793 quatuor,
891 1750 971 1798 coque

315 1796 343 1844 iu
361 1800 405 1860 ltq.
422 1811 513 1844 comm.
525 1798 588 1843 Une.
596 1799 691 1854 decem,
704 1796 750 1844 rub
761 1796 835 1844 linem
849 1801 971 1849 coctionis

315 1863 380 1910 adde
394 1863 555 1910 cinnamomi
566 1862 687 1909 Dracbm.
703 1872 765 1921 tren,
784 1878 895 1926 exprme·
916 1866 969 1914 bul·

316 1927 383 1974 liaut
400 1943 459 1974 eum
476 1927 564 1975 bacch.
580 1927 632 1975 albi
651 1928 719 1975 Libr.
741 1943 803 1986 una,
831 1928 968 1979 celaturam

1138 1701 1227 1746 Terrae
1250 1698 1373 1764 sigillatae
1389 1699 1510 1749 Draebm.
1527 1712 1589 1762 trea,
1615 1699 1675 1749 Beli

1021 1765 1144 1812 Armeuae
1165 1764 1284 1813 Draebm.
1298 1781 1391 1828 uuam,
1419 1766 1492 1815 sacci
1519 1766 1676 1834 etinugtnta

1020 1846 1044 1892 q.
1057 1846 1076 1877 a.
1093 1841 1123 1876 ut
1135 1830 1178 1877 fiat
1194 1841 1262 1893 pasta

316 1993 467 2054 inparium
491 1992 647 2041 cananiam
675 1992 764 2040 usaria
795 1994 848 2042 uni.
903 2000 961 2046 nm
1054 1975 1235 2053 PASTA
1263 1976 1569 2051 ALTHAEAE.
1610 1977 1677 2057 illa

317 2073 426 2106 sicarius
445 2057 580 2107 formulam
598 2059 760 2122 prolixiorem
791 2061 904 2123 prodidit
928 2066 968 2112 aed

316 2125 491 2173 omittendam.

1020 2077 1193 2175 theatralia.
1252 2078 1351 2153 Pare
1381 2078 1426 2152 de
1454 2076 1674 2151 Gatmame.

359 2229 742 2311 PASTA,ffiafle,1253‚
784 2234 867 2295 psa„
908 2235 968 2300 Me,
1052 2219 1154 2279 synon.
1180 2212 1262 2267 Parta
1282 2210 1316 2264 de
1330 2210 1461 2277 Althaea,
1488 2213 1567 2264 Pacta
1591 2227 1675 2284 ςυιῃ.

317 2308 490 2373 dicamenta
508 2313 643 2390 tenacia,
670 2313 843 2390 subaolida,
863 2313 969 2395 digitis

315 2413 377 2453 non
389 2394 593 2469 adhaerentia,
607 2414 645 2454 ex
656 2394 811 2456 Saccharo
826 2407 857 2456 et
873 2397 968 2456 Gum-

315 2476 358 2535 mi
372 2477 497 2538 arabico
514 2477 642 2537 maxima
656 2497 694 2536 ex
710 2490 797 2558 parte
813 2475 968 2539 conflata·

314 2577 528 2640 nonnunquam
548 2578 680 2639 corpora
696 2559 838 2620 salutaria
863 2559 967 2622 ellicu-

315 2638 362 2698 cia
380 2636 594 2701 admiscentur.
618 2641 741 2702 Gummi
757 2642 915 2702 arabicum
924 2643 968 2702 in·

316 2730 439 2802 tegrum
451 2723 610 2807 aliquoties
625 2745 701 2808 aqua
713 2722 824 2804 frigida
841 2736 967 2785 externe

315 2803 472 2881 abluatur,
507 2815 540 2865 ut
562 2808 688 2866 materia
712 2826 811 2866 amara
840 2819 967 2867 externe

314 2885 454 2947 frustulis
471 2890 586 2969 gummi
599 2887 780 2964 adhaerens,
798 2887 966 2949 auferatur.

314 2967 348 3026 ln
362 2969 644 3031 solvendoGummi
657 2970 777 3050 integro
793 2990 831 3029 ne
841 2969 968 3032 nimium

314 3067 409 3134 aquae
428 3050 574 3124 addatur,
595 3073 657 3135 quo
675 3052 886 3131 evaporationi
900 3052 966 3113 diu·

314 3133 396 3193 tinae
417 3144 628 3213 praecavetur.
669 3135 701 3195 Si
723 3134 752 3193 in
775 3143 859 3213 pasta
877 3155 966 3216 prae·

312 3215 460 3285 scribitur
476 3213 608 3276 inlusum
632 3216 682 3275 rel
700 3216 863 3276 decoctum
882 3217 966 3298 plan·

311 3306 427 3372 tarum,
449 3296 510 3357 boo
531 3318 589 3378 pro
602 3297 751 3359 solvendo
771 3298 892 3358 Gummi
915 3320 965 3360 su·

311 3379 456 3439 mendum
478 3390 541 3452 est,
573 3378 701 3463 deniquo
724 3380 912 3442 saccharum
934 3383 964 3441 in

310 3458 440 3520 frustula
473 3460 586 3538 majora
628 3471 789 3521 contusum
825 3463 966 3524 addatur.

278 3597 288 3616 ,
311 3541 443 3629 Quando
459 3553 542 3622 pasta
557 3542 711 3622 pellucido
726 3563 846 3605 manere
861 3544 965 3619 debet,

309 3624 425 3685 solutio
437 3623 518 3683 inter
528 3625 726 3704 agitationem
735 3624 853 3686 caleliat
866 3647 963 3710 usque

309 3707 348 3766 ad
363 3704 590 3782 ebullitionem;
613 3727 709 3788 quum
732 3708 859 3770 ebullire
880 3711 963 3771 iuce-

307 3788 409 3868 perit,
431 3788 624 3868 agitationem
639 3788 759 3868 desine,
778 3799 810 3850 et
829 3788 877 3853 lac
894 3812 963 3852 era·

308 3888 421 3949 porare
459 3872 520 3929 leni
560 3873 708 3933 coctione.
763 3872 831 3934 Tali
868 3875 962 3935 modo

308 3950 424 4012 solutio
445 3963 548 4033 partae
570 3950 759 4035 inspissetur,
778 3954 890 4039 absque
910 3957 962 4016 ad·

306 4032 439 4095 ustionis
464 4035 644 4117 periculos
670 4036 793 4098 Gummi
828 4038 961 4100 arabico.

306 4116 342 4176 si
358 4127 444 4196 pasta
472 4118 601 4179 extracti
619 4117 766 4180 mollioris
794 4121 961 4180 consisten-

305 4196 381 4258 tiam
399 4200 605 4278 contraxerit,
619 4201 806 4264 aromatibus
815 4201 961 4261 condien-

305 4279 346 4340 da
364 4291 426 4357 est3
448 4300 552 4363 spuma
579 4282 690 4346 blando
708 4294 833 4343 motus
858 4303 961 4364 super·

305 4358 378 4424 ficle
393 4377 605 4436 removeatur,
625 4376 659 4425 et
676 4365 806 4445 partein
822 4367 961 4427 modulos

305 4462 323 4505 e
350 4442 435 4505 ferro
457 4446 601 4507 laminato
624 4456 763 4507 stannato
791 4446 961 4524 confectos,

304 4524 408 4587 obiter
424 4525 507 4590 Oleo
529 4528 764 4608 dmygdalarum
780 4527 895 4605 illitos,
915 4529 960 4590 el·

302 4605 467 4686 fundatur,
494 4622 527 4671 et
545 4612 576 4669 iu
598 4609 748 4692 tepidario
766 4612 884 4693 penitus
901 4612 960 4673 sic·

303 4702 401 4753 cetur.
439 4694 473 4751 lu
491 4690 622 4752 modulis
641 4713 759 4754 summa
775 4693 870 4755 imum
891 4715 958 4758 ver·

302 4782 408 4837 tantm
422 4784 586 4858 autequam
601 4774 722 4857 penitus
739 4777 850 4842 siccata
863 4775 959 4842 feerit

1020 2293 1109 2343 mosa,
1135 2281 1227 2333 Massa
1249 2296 1311 2331 cum
1338 2276 1447 2331 Gummi
1468 2274 1594 2341 arabico,
1621 2277 1675 2329 Ta-

1019 2342 1109 2397 bellae
1132 2345 1272 2399 Althaeae.
1316 2344 1466 2405 lbtuilrbrt.
1493 2344 1675 2402 danninum

1207 2413 1296 2484 audet,
1323 2411 1483 2481 demutata.

959 2524 969 2559 ’
1019 2521 1099 2591 lieo.
1141 2522 1281 2592 Gummi
1318 2520 1451 2594 arabici
1482 2519 1583 2593 electi
1610 2522 1675 2593 toti

1179 2622 1303 2692 Unoias
1336 2618 1512 2704 sedecim,

1116 2722 1241 2817 Aquae
1267 2720 1460 2792 communis
1486 2718 1612 2790 Unoias

1213 2821 1348 2916 triginta
1376 2817 1474 2908 duas,

1064 2932 1100 3003 in
1127 2956 1209 3004 vase
1237 2932 1332 3006 fictili
1349 2936 1496 3006 vitreato
1521 2932 1591 3004 leni
1605 2957 1675 3004 ca-

1063 3029 1143 3101 lore
1174 3030 1257 3103 fove
1292 3030 1471 3104 interdum
1504 3029 1671 3129 agitanda

1066 3126 1181 3203 donec
1197 3131 1338 3202 Gummi
1360 3134 1495 3227 penitus
1511 3128 1671 3202 solutum

1064 3225 1176 3319 fuerit,
1201 3255 1292 3327 aqua
1310 3230 1558 3331 evaporatione
1577 3252 1672 3299 con-

1064 3344 1175 3399 sumta
1231 3326 1402 3400 interdum
1450 3322 1673 3415 restituenda,

1063 3440 1135 3496 tum
1148 3424 1226 3497 oola
1241 3452 1307 3526 per
1324 3425 1477 3498 cribrum
1495 3441 1673 3497 setaceum

1062 3526 1218 3596 arctioris
1241 3540 1395 3598 texturae
1422 3523 1477 3595 vel
1497 3550 1562 3622 per
1582 3548 1670 3621 pau·

1062 3622 1669 3716 numlaneummundissimum3m-

1062 3718 1194 3795 laturae
1226 3721 1319 3795 adde

1072 3834 1236 3910 Sacchari
1252 3837 1323 3909 albi
1335 3839 1367 3910 in
1378 3835 1522 3909 frustula
1539 3836 1614 3907 mi-

1092 3960 1176 4006 nora
1188 3940 1327 4009 contusi
1335 3939 1419 4009 Unc.
1427 3933 1593 4021 sedecim,

1061 4050 1180 4122 calore
1202 4051 1304 4125 solve
1331 4067 1363 4124 et
1385 4051 1456 4123 leni
1485 4076 1670 4150 evapora-

1033 4164 1036 4170 '
1061 4151 1155 4221 tione
1180 4149 1227 4222 ad
1247 4150 1361 4224 mellis
1386 4151 1560 4249 spissioris
1579 4176 1670 4224 cou-

1059 4249 1247 4321 sistentiam
1267 4247 1402 4348 redige.

1059 4346 1235 4419 Interdum

1095 4444 1283 4521 Albumiua
1317 4449 1475 4520 Ovorum
1498 4469 1580 4536 sex,

1060 4570 1212 4743 edilium
1224 4642 1367 4742 Naphae
1377 4646 1492 4718 Unciis
1501 4642 1651 4737 duabus,

1058 4757 1197 4835 assidua
1222 4755 1422 4859 pulsatione
1444 4761 1481 4835 in
1496 4783 1667 4865 spumam
