3550 5417
575 351 754 420 KALlUM
781 351 996 421 lODATUM

154 525 340 598 candescat
360 542 393 599 et
412 551 475 623 per
493 525 599 597 horas
618 525 703 597 duas
723 530 756 597 in

153 624 434 697 excandescentia
447 624 653 696 obtineatur.
671 628 755 695 Cru-

3 712 22 739 ω
41 781 63 806 ,a
152 722 311 795 cibulum
342 726 375 793 in
408 722 511 793 furno
545 721 754 820 refrigescat.

151 826 264 892 Massa
305 820 525 893 carbonacea
566 824 754 907 eximatur,

35 915 60 1006 ³.
151 923 218 992 cito
244 921 277 988 in
301 918 484 1017 pulverem
508 918 753 1007 contundatur,

151 1020 209 1114 qui
225 1043 289 1114 per
305 1017 458 1089 cribrum
475 1021 598 1090 missus
618 1034 752 1088 extem·

149 1116 212 1212 plu
235 1118 266 1185 in
291 1114 422 1212 lug'enis
445 1118 650 1214 angustioris
674 1118 752 1187 uri-

148 1213 216 1285 ficii
248 1217 435 1311 etvuptirne
456 1213 659 1287 claudendis
685 1239 752 1285 ex·-

148 1315 309 1409 cipiatur.

198 1431 288 1498 Tum
309 1430 429 1524 recipe

197 1539 270 1611 lodi
291 1542 414 1612 Uncias
437 1536 611 1623 sedecim,

197 1646 316 1737 Aquae
333 1635 523 1709 destillatae
539 1636 593 1706 vel
612 1635 748 1734 pluvia-

269 1735 313 1807 lis
324 1736 447 1806 Libras
458 1759 519 1806 serr
531 1735 586 1806 vel
600 1752 748 1832 septem,

3 1835 42 1928 sii
145 1850 291 1921 immitte
318 1852 352 1920 iu
381 1851 534 1947 patinam
567 1847 745 1943 porcella-

1389 357 1457 430 tt0t

857 525 981 600 dibulo
999 544 1210 626 eguttentur,
1234 545 1304 601 tum
1324 532 1358 602 in
1378 531 1457 604 loco

855 626 971 698 calido
1004 630 1142 724 penitus
1176 631 1367 702 exsiccatae
1395 655 1458 702 se-

855 740 1035 823 ponuntur.

902 842 1034 910 Lixiviu
1056 837 1193 910 residua
1217 838 1456 935 explorentur,

853 964 938 1009 num
957 936 1036 1007 Kali
1054 935 1296 1034 sulplruricuru
1316 939 1373 1009 rel
1389 942 1456 1009 Ra·

850 1052 923 1131 ryta
947 1035 1107 1123 excedat,
1136 1061 1284 1133 quorum
1306 1035 1453 1108 alterurn

851 1134 962 1205 altero
977 1132 1158 1230 detegitur.
1191 1135 1225 1204 Si
1241 1135 1364 1229 Bnrytu
1386 1161 1454 1206 ex-

850 1231 960 1317 cedit,
978 1231 1056 1302 Kuli
1074 1230 1126 1302 sul
1160 1230 1270 1303 herici
1290 1231 1455 1329 aliquan·

850 1329 967 1402 tultam
981 1348 1080 1400 cante
1099 1256 1265 1414 addatur,
1287 1346 1319 1401 ut
1333 1334 1452 1426 Bury·

849 1445 884 1499 ta
903 1431 1046 1501 omniuo
1063 1429 1318 1524 praecipitetur.
1358 1432 1451 1500 Turn

848 1525 995 1598 filtretur
1029 1541 1064 1597 et
1097 1525 1214 1622 liquor
1251 1523 1369 1598 denuo
1405 1527 1449 1598 ad

848 1622 1170 1721 crystallisatiunem
1228 1625 1451 1720 inspissetur,

847 1721 1016 1821 quamdiu
1040 1720 1222 1816 crystallus
1243 1724 1325 1794 sutis
1345 1747 1451 1819 pmas

847 1821 927 1893 edit.

33 1963 40 1988 ¹
145 1974 247 2017 neam
285 1964 319 2019 et
350 1950 476 2019 sensim
514 1946 627 2046 adjice
662 1949 748 2018 inter
859 1956 902 2010 tte
930 1954 1061 2025 parando
1084 1952 1172 2011 Katio
1199 1954 1298 2011 indata
1325 1957 1447 2013 uultum

31 2043 38 2060 ·
145 2046 370 2139 agnationem
386 2045 662 2142 pulveremmox
677 2042 748 2116 de„
796 2030 938 2131 tentatriut
959 2041 1027 2130 eat..
1045 2035 1218 2130 ‘opiniones
1238 2038 1448 2108 experimentis

145 2146 334 2240 scriptum,
356 2147 388 2215 itt
409 2171 479 2242 quo
498 2148 647 2239 Baryum
668 2143 746 2214 sul·
796 2134 918 2189 saeptus
936 2124 1070 2188 repetatis
1086 2119 1196 2174 aenaim
1216 2120 1448 2191 labefactantur,

145 2241 332 2338 phuratum
355 2245 459 2332 inest,
488 2242 602 2314 donec
618 2241 744 2338 liquidi
779 2200 1188 2350 ξξςὲεἰῧὲἒὲᾞυῗθῑῗέἆ
1206 2208 1448 2341 „idittiingge

145 2340 263 2429 ⁰0l01'a
283 2368 324 2413 θΧ
341 2346 462 2413 Clll'lUO
480 2344 513 2411 ln
531 2340 744 2412 rubro-fus·
795 2366 914 2419 titurium
934 2364 1014 2419 illurn
1034 2380 1058 2418 s.
1077 2363 1138 2419 tas
1157 2381 1173 2417 a
1191 2365 1276 2422 nobis
1294 2379 1447 2421 commen·

144 2463 222 2510 cunt
242 2443 369 2512 sensim
392 2437 745 2536 versusdisparuerit,
794 2446 909 2510 datam,
925 2453 1028 2516 postea
1046 2447 1233 2501 observatum
1247 2455 1304 2513 est,
1322 2448 1446 2504 Ferrum

144 2552 177 2608 et
199 2537 315 2636 liquo,
336 2541 478 2611 omnino
502 2537 648 2609 decolor
674 2563 745 2633 ap,
794 2529 983 2584 curbouioum
1012 2544 1049 2583 ex
1074 2530 1166 2583 Fer-ro
1193 2526 1293 2583 iodato
1319 2536 1348 2584 et
1375 2530 1443 2585 Kali

143 2653 264 2731 pareat
296 2654 376 2733 post
408 2636 658 2709 subsidentium
687 2633 742 2706 vel

794 2611 952 2666 carbonico
969 2610 1192 2681 praecipitatum
1209 2608 1444 2682 quotiescunque

250 2741 256 2752 ‚
736 2737 742 2750 .
793 2693 924 2748 lavatum
948 2706 1065 2763 semper
1085 2693 1235 2747 continere
1257 2693 1378 2759 ludum,
1407 2709 1444 2749 ex

142 2732 372 2806 fil¹l³l¹⁰¹¹⁰¹¹l
423 2739 578 2824 calma
600 2760 643 2805 ¹¹⁰
667 2732 742 2803 'mh
793 2789 850 2844 qno
881 2790 938 2830 nou
968 2773 1043 2829 teria
1072 2774 1134 2829 lodi
1159 2772 1278 2844 jactura
1305 2775 1443 2831 eflicitur.

143 2830 274 2927 aliquid
299 2831 414 2903 adhuc
435 2835 549 2904 inlacll
578 2831 742 2904 infundo
792 2856 911 2912 Kalium
940 2854 1070 2911 indutum
1099 2871 1165 2910 curn
1194 2855 1263 2911 Kali
1292 2858 1443 2912 carbunici

142 2925 265 3014 lateat,
284 2928 423 3027 quodsi
440 2934 644 3028 exagitatum
661 2929 743 3002 sue·
792 2938 839 2994 vel
861 2938 956 2995 Natrii
982 2937 1071 2993 iodati
1096 2937 1237 3010 vestigiis
1257 2931 1441 3008 inquinatum

142 3028 203 3112 rit,
248 3026 425 3125 liquorem
465 3027 583 3100 denuo
622 3028 742 3100 colore

139 3123 232 3197 ssavo
263 3131 378 3221 tinget.
433 3127 577 3198 Miscela
606 3125 742 3198 calefiat

140 3223 184 3292 ad
219 3223 475 3311 ebullitionem,
509 3241 577 3296 tum
614 3229 740 3297 sensim

139 3321 252 3420 adjice

112 3443 116 3450 '
190 3437 269 3507 Kali
280 3435 472 3535 sulphuriei
488 3436 656 3532 pulverati
669 3442 741 3510 Un-

263 3539 333 3607 cias
355 3535 534 3624 undecim,

139 3654 255 3729 coque
276 3658 340 3730 per
361 3633 471 3706 horae
489 3632 738 3731 quadrantem,

137 3744 210 3800 tunt
240 3729 328 3804 filtra
358 3756 422 3829 per
443 3730 602 3804 chartam
629 3731 738 3803 bibu-

136 3827 231 3916 lam,
253 3917 255 3920 Ι
278 3855 429 3901 massam
480 3828 736 3901 carbouaceam

136 3952 225 4024 aqua
244 3927 417 4001 destillata
440 3928 531 4000 bene
551 3927 679 4017 ablue,
705 3945 739 4000 et

136 4023 313 4123 liquorem
350 4027 514 4098 filtratum
552 4039 652 4097 caute
691 4026 735 4096 ad

136 4125 455 4220 crystallisatiunem
470 4128 626 4222 inspissa.
655 4124 737 4200 Pul-

135 4223 187 4292 vis
204 4226 362 4296 cinereus
379 4222 492 4296 elutus
511 4240 544 4296 et
559 4222 651 4294 bene
662 4227 735 4295 sic-

135 4335 231 4391 catus
248 4325 371 4395 iterum
389 4339 492 4421 atque
511 4325 644 4410 iterum,
665 4321 736 4393 ad-

130 4416 225 4510 jectu
248 4422 401 4515 pauxillo
424 4421 579 4518 pulveris
600 4421 735 4492 carbo-

134 4540 233 4602 num,
266 4520 491 4592 calciuatiune
524 4521 557 4589 in
586 4523 733 4614 Baryuru

132 4610 369 4710 sulphuratmn
384 4617 517 4704 reduci,
537 4634 568 4689 ct
585 4616 630 4687 ad
644 4643 733 4689 eun-

132 4708 213 4783 dem
235 4737 332 4784 usum
352 4715 514 4789 adhiberi
532 4717 669 4815 poterit.

182 4809 342 4906 Crystalli
364 4814 532 4888 collectae
555 4816 590 4885 in
615 4812 734 4887 iniun-

792 3019 942 3076 bumorern
960 3020 1052 3076 tacite
1067 3034 1104 3074 ex
1125 3024 1194 3074 aere
1212 3019 1321 3089 abripit
1338 3025 1368 3075 et
1385 3022 1441 3074 ria-

792 3102 937 3172 tiqueacit.
979 3103 1072 3169 Quum
1089 3101 1166 3156 enirn
1182 3101 1306 3157 Cineres
1323 3103 1441 3158 clarel·

790 3185 843 3240 lati
861 3199 978 3254 semper
995 3183 1166 3239 contineant
1188 3185 1240 3238 Sat
1259 3183 1440 3254 digestivum

791 3273 821 3320 et
848 3267 900 3321 Sal
929 3280 1098 3334 commune,
1135 3264 1202 3319 trino
1227 3264 1296 3320 inde
1324 3279 1442 3336 quoquo

789 3348 915 3404 Natrum
934 3347 1142 3416 carbonieum,
1161 3348 1234 3402 haee
1250 3346 1345 3415 salia,
1364 3363 1441 3418 quae

790 3427 984 3500 deputatione
1011 3444 1067 3483 noa
1093 3434 1309 3499 excernuntur,
1342 3430 1441 3485 omnia

789 3526 828 3566 ex
842 3511 992 3568 cineribus
1008 3516 1184 3581 praeparato
1199 3517 1372 3581 aequentur,
1387 3526 1440 3567 er-

789 3607 831 3664 go
847 3593 917 3648 Kali
937 3593 1127 3649 carbunicam
1143 3594 1314 3661 depuratum
1330 3598 1360 3648 ct
1371 3594 1439 3649 tiati

789 3675 963 3730 causticam.
1019 3676 1156 3730 Praestat
1188 3674 1280 3746 igitur
1313 3676 1440 3731 Cineres

789 3756 966 3812 clavellatos
993 3760 1022 3811 et
1046 3754 1114 3827 quid
1141 3757 1177 3811 ab
1204 3754 1263 3811 illis
1289 3757 1441 3812 derivatur

789 3837 907 3895 omnino
923 3836 1063 3907 rejicere,
1089 3843 1118 3893 et
1135 3837 1216 3893 atiud
1233 3839 1286 3893 Sul
1301 3839 1438 3894 Kalicuna

788 3922 863 3975 satia
877 3936 981 3991 purum
999 3926 1027 3976 et
1042 3920 1157 3975 vilioris
1176 3920 1262 3989 pretii
1280 3922 1438 3988 advocare,

788 4003 864 4072 quod
885 4003 914 4057 iu
935 4004 1057 4058 Arcano
1076 4002 1226 4071 rtupliuuto
1245 4001 1362 4058 obvium
1382 4011 1438 4058 est.

787 4086 853 4139 Huc
871 4085 937 4140 sale
955 4084 1086 4140 adbibita
1101 4082 1241 4140 Chiorum
1259 4091 1288 4138 et
1302 4084 1436 4152 Nutrum,

786 4180 945 4237 eorumque
970 4166 1220 4237 combinationes,
1249 4167 1343 4222 t'aaite
1369 4167 1437 4221 eri·

785 4252 893 4304 tantur.

845 4346 964 4418 ludum,
985 4341 1157 4414 sisiacum,
1178 4348 1208 4400 et
1224 4339 1291 4401 Kali
1308 4343 1436 4416 salutau-

783 4427 875 4484 ricum
904 4428 1050 4484 facillime
1079 4443 1152 4498 pum
1179 4427 1364 4490 obtinentur3
1398 4442 1437 4481 ox

783 4511 901 4567 calculo
939 4509 1196 4566 stoecbiometriuo
1230 4508 1437 4579 proportiones

784 4598 890 4648 exacte
912 4591 1101 4647 inveniuntur
1122 4606 1197 4661 quac
1221 4587 1346 4647 invicem
1368 4602 1436 4645 ease

783 4675 1015 4746 decomponunt,
1038 4688 1092 4728 nec
1109 4671 1321 4727 tentationibus
1338 4671 1436 4726 mole·

782 4756 839 4811 etia
853 4772 928 4827 opus
941 4761 996 4811 eat
1036 4755 1070 4811 Si
1090 4768 1215 4824 corpora
1235 4755 1330 4810 bonae
1347 4759 1437 4810 notae

781 4843 851 4895 aunt
874 4843 905 4894 et
929 4836 1061 4909 pondera
1087 4844 1193 4892 exacta
1213 4835 1340 4908 librata,
1369 4841 1436 4907 post
