3550 5417
309 352 386 430 580
433 355 648 425 ΝΑΡΗΤΗΑ
673 354 1076 429 ΤΕΒΕΒΙΝΤΗΙΝΑΤΑ
1100 395 1150 413 -·-
1180 358 1397 430 strutus
1421 357 1624 432 tt'tutont

314 525 394 594 rima,
406 542 464 598 quo
475 526 578 580 ressicet
584 526 703 608 admixto
711 527 751 582 vis
760 530 869 584 solvens
874 529 966 609 ¹Neph-

313 590 967 740 tlt:‘astiludiisstuduistits:

314 739 383 794 pum
398 721 488 803 denuo
500 742 563 776 curn
573 728 652 796 Aqua
665 725 782 778 lavatam
793 724 965 811 destpllatroni

314 788 967 938 :tlttttsfltufutt‘ttt‘{tultus

313 926 967 1044 ⁹¹¹·tutttr'sttttuttffttu„ltu

312 1000 392 1104 illusit.
461 1003 727 1122 harmagcopoeorum
753 1003 905 1109 dissensum
931 1058 964 1110 as·

311 1117 389 1169 ferre
400 1133 454 1169 non
464 1134 533 1184 opus
548 1128 597 1171 est.
613 1118 665 1171 Plr.
679 1120 728 1172 An
737 1128 804 1186 tw„
816 1124 838 1174 B
848 1139 967 1190 oruss,

312 1182 449 1249 Deoia,
466 1183 552 1236 Gall.
570 1182 631 1253 rss7
649 1196 826 1256 receperunt.

330 1315 487 1366 Nasutus
503 1320 809 1383 munsturutttsrs„
821 1323 924 1371 mixtu
935 1340 964 1371 ra

313 1380 438 1431 Duarum.
469 1380 707 1502 Semtutlpittitlknubp
720 1385 760 1451 bu.
787 1385 877 1439 Ether
890 1383 965 1438 te're'-

347 1527 404 1575 llec.
423 1529 463 1579 01Υ
476 1465 622 1580 pereundi
647 1465 769 1583 dilicta
785 1536 860 1595 duaa,
884 1537 965 1602 Neph-

313 1591 371 1641 ὼε
381 1593 485 1643 Vitrioli
498 1596 620 1647 Dracbm.
632 1610 688 1646 tres.
728 1600 844 1649 Calculus
860 1600 966 1652 biliosus

312 1658 435 1724 expellere
451 1663 617 1726 praedicatur.

316 1768 638 1866 'napuras
671 1790 963 1872 munioni.

313 1886 618 2011 nunciatura
660 1867 785 1967 litter
838 1899 964 1996 salsas

579 2014 695 2089 rapae.

312 2103 966 2242 ‚sursulusatttluusttlu

313 2236 438 2303 uopbtiytt,
462 2238 617 2305 ssetbulnttpb.
651 2245 777 2305 narrate
794 2241 962 2312 a’e'tte'reae,

517 2306 615 2372 andc
632 2306 760 2375 d'dtlrytc.

312 2399 399 2473 Rec.
425 2403 572 2503 Spiritus
585 2407 663 2477 Vini
681 2409 964 2500 rectificatissimi,

361 2501 421 2595 qui
449 2500 631 2577 Alcoholis
657 2504 808 2578 absoluti
845 2527 963 2607 partes
1039 2540 1042 2545 ·

361 2602 566 2713 centesimas
579 2602 764 2676 voluminis
776 2614 961 2705 nonaginta

364 2712 536 2769 contrneat

479 2795 607 2869 Libras
642 2800 815 2897 quinque,

360 2892 507 2966 immitte
536 2897 571 2967 in
591 2920 654 2968 vas
671 2896 820 2970 ferreum
837 2899 963 2987 susum,

362 2990 460 3088 quod
482 2994 518 3064 iu
544 3019 672 3090 aquam
700 2995 864 3093 frigidam
891 3003 964 3069 im-

362 3107 516 3162 mersum
540 3108 607 3185 est,
634 3108 667 3166 et
684 3095 770 3165 inter
784 3094 962 3168 assiduam

360 3189 584 3286 agitationem
602 3193 730 3263 sensim
745 3190 901 3266 admisce

390 3300 467 3373 otei
478 3304 615 3376 Vitrioli
625 3305 752 3380 Libras
762 3331 891 3380 novem

363 3430 398 3486 ct
414 3416 586 3513 operculo
602 3421 767 3521 imposito
783 3419 962 3493 miseelarn

361 3510 635 3610 refrigerandam
653 3527 796 3617 sepone.
834 3521 965 3615 Frige-

362 3607 489 3682 factam
505 3614 538 3684 in
550 3632 726 3705 retortam,
743 3618 777 3687 in
791 3614 959 3691 balneum

362 3731 490 3783 arenae
508 3712 737 3805 collocatam,
763 3738 829 3811 per
844 3715 962 3787 tubu-

361 3804 434 3879 lum
449 3808 612 3896 infunde,
632 3813 715 3884 etin
732 3810 883 3884 eundem
903 3832 962 3885 tu-

361 3903 486 3978 bulum
515 3934 585 4007 ope
613 3911 789 4008 epistomii
806 3911 961 3984 suberini

360 4003 484 4076 tubum
494 4008 641 4078 vitreum
653 4004 717 4077 ada
745 4022 789 4098 ta,
803 4009 962 4107 quisub-

361 4116 415 4176 ter
425 4033 824 4201 miscelaesuperdbiem
835 4133 960 4209 parum

359 4200 584 4295 submergat,
628 4218 764 4278 externe
787 4231 874 4279 vero
906 4205 988 4278 bis·

360 4302 395 4368 in
416 4297 581 4392 angulum
598 4302 641 4372 sit
656 4324 834 4377 recurvus.
883 4304 962 4376 Tali

362 4390 472 4463 modo
503 4392 557 4485 fit,
593 4414 629 4470 ut
651 4402 796 4499 Spiritus
819 4402 899 4473 Vini
926 4408 961 4474 in

360 4504 525 4564 retortam
540 4499 668 4569 sensim
684 4497 830 4572 affluere
846 4517 961 4596 queat,

360 4585 501 4688 absque
515 4618 688 4692 vaporum
710 4595 961 4694 deperditione.

361 4688 430 4760 Vas
458 4690 776 4791 refrigeratorium,
810 4700 866 4766 cui
894 4723 962 4768 ex·
991 4724 993 4729 ’

360 4802 456 4863 teme
470 4814 559 4889 aqua
575 4793 704 4893 frigida
723 4795 778 4868 vel
795 4798 847 4867 nia
861 4796 960 4895 large

1065 533 1313 627 circumdetur,
1338 560 1418 609 cum
1435 537 1529 610 collo
1548 553 1683 610 retor-

1064 649 1121 706 tae
1136 638 1318 731 jungatur,
1342 652 1377 708 et
1396 635 1485 708 tubo
1509 634 1693 734 quodam'

1064 735 1175 804 vitreo
1203 736 1236 803 in
1271 733 1390 806 ultima
1420 734 1681 831 refrigeratur-ii

1066 847 1163 927 parte
1190 831 1298 903 affixo
1326 834 1400 904 adri
1418 835 1526 905 exitus
1546 849 1678 929 pateat

1065 954 1109 999 ex
1131 944 1280 1019 retorta,
1305 957 1350 1002 ne
1367 930 1581 1029 e'xplosionis
1596 957 1676 1030 pe-

1064 1025 1215 1098 riculum
1239 1030 1425 1100 immineat
1485 1032 1546 1102 His
1571 1029 1675 1104 bene

1065 1128 1287 1220 praeparatis
1300 1125 1484 1200 destillatio
1502 1129 1583 1225 igne
1606 1131 1674 1199 vi-

1064 1221 1148 1297 vido
1181 1242 1322 1297 etcum
1351 1224 1553 1299 ebullitione
1576 1252 1673 1324 per-

1064 1323 1188 1419 spicua
1202 1325 1407 1415 instituatur,
1422 1340 1457 1397 et
1466 1325 1672 1426 pertubnm

1067 1423 1213 1492 vitreum
1233 1437 1322 1493 tanta

1091 1535 1237 1631 Spiritus
1246 1537 1323 1607 Vini
1335 1534 1615 1610 rectificatissimi

1064 1648 1178 1722 moles
1197 1653 1233 1722 in
1246 1665 1413 1721 retortam
1431 1651 1589 1748 guttatim
1606 1650 1670 1722 af-

1064 1745 1162 1834 fluat,
1208 1762 1335 1846 quanta
1368 1746 1535 1820 destillari
1561 1752 1670 1846 copia

1065 1871 1105 1917 er
1132 1846 1396 1945 refrigeratorio
1439 1845 1565 1936 effluit,
1605 1844 1668 1919 vel

1064 1945 1191 2045 inipso
1209 1943 1389 2043 colligitur.
1422 1949 1499 2041 Ope
1521 1943 1667 2017 chartae

1064 2066 1271 2137 gummosae
1288 2047 1426 2137 signum
1438 2059 1588 2117 retortae
1603 2042 1666 2114 af-

1064 2140 1206 2236 figatur,
1231 2166 1302 2238 quo
1324 2142 1468 2240 liquoris
1487 2133 1663 2215 bullientis

1063 2238 1265 2334 superficies
1281 2237 1483 2327 adnotetur,
1503 2237 1663 2337 haecque

1062 2361 1127 2433 per
1161 2352 1270 2409 totam
1305 2340 1545 2433 operationem
1572 2363 1663 2410 ean·

1063 2432 1145 2506 dem
1189 2459 1331 2534 semper
1364 2432 1499 2508 babere
1542 2459 1662 2508 curam

1063 2557 1166 2630 gere,
1192 2531 1298 2632 idque
1315 2535 1444 2635 Spiritu
1458 2534 1589 2632 largius
1605 2533 1663 2607 vel

1064 2635 1206 2728 parcius
1233 2630 1412 2722 affluente,
1461 2632 1560 2729 quod
1590 2658 1663 2802 ope

1062 2731 1237 2826 epistomii
1256 2729 1381 2803 ahenei
1399 2730 1609 2804 versatiliso
1639 2772 1664 2787 -

1062 2829 1162 2898 tineri
1178 2826 1276 2918 licet,
1300 2827 1377 2920 fiat;
1403 2826 1590 2901 destillatio
1617 2855 1662 2901 eo

1091 2923 1291 3015 erducatur,
1334 2925 1502 3024 quamdiu
1534 2925 1662 2999 destil-

1063 2950 1174 3095 bum
1188 3050 1267 3098 cum
1313 3027 1364 3097 ari
1377 3023 1537 3122 pondere
1548 3051 1662 3123 aquae

1063 3124 1204 3193 mixtum
1220 3050 1404 3220 Napbthae
1417 3121 1554 3195 Vitrioli
1575 3139 1663 3195 stra-

1062 3234 1134 3290 tum
1163 3222 1244 3292 satis
1273 3220 1378 3292 altum
1403 3237 1578 3310 secernat,
1605 3221 1663 3295 vel

1063 3315 1177 3390 donec
1193 3319 1337 3415 Spiritus
1352 3320 1430 3390 Vini
1444 3318 1591 3391 adhibiti
1605 3336 1661 3391 to-

1062 3417 1127 3486 tius
1144 3419 1246 3513 copia
1272 3416 1349 3490 Olei
1364 3417 1502 3490 Vitrioli
1517 3420 1662 3516 quintu-

1062 3513 1160 3631 plum
1180 3517 1234 3589 sit.
1260 3517 1496 3618 lmproprium
1516 3532 1567 3588 est
1584 3540 1659 3588 ma-

1058 3638 1174 3711 jorem
1190 3615 1335 3711 Spiritus
1346 3615 1489 3716 copiam
1509 3615 1661 3711 injicere,

1061 3712 1193 3811 quippe
1217 3736 1311 3808 quae
1334 3715 1475 3785 minima
1498 3729 1659 3810 exparte

1061 3813 1095 3879 in
1118 3808 1319 3912 Napbtlram
1340 3813 1563 3885 convertitur.

1109 3908 1325 3982 Destillatum
1347 3911 1455 3982 misce
1478 3933 1558 3980 cum
1582 3912 1659 4008 pari

1061 4006 1239 4079 volumine
1279 4014 1419 4106 Aquae,
1457 4011 1512 4080 cui
1545 4008 1659 4080 Laetis

1059 4104 1207 4179 calcanei
1257 4131 1341 4178 arva
1365 4106 1487 4204 copia,
1514 4104 1561 4178 ad
1582 4110 1660 4178 aci-

1060 4204 1148 4275 dum
1180 4130 1436 4302 sufphurosum
1469 4201 1658 4303 figendum,

1058 4299 1212 4375 admixta
1248 4318 1319 4392 est,
1356 4301 1537 4375 miscelam
1568 4326 1658 4373 con·

1058 4416 1142 4472 cute
1165 4417 1198 4473 et
1225 4400 1363 4499 absque
1391 4399 1659 4473 decauthatione

1059 4500 1094 4571 in
1116 4514 1281 4573 retortam
1304 4501 1383 4572 satis
1401 4498 1558 4598 amplam
1586 4496 1657 4585 (vel

1059 4600 1214 4672 vesicam
1246 4622 1425 4699 cupream
1459 4594 1656 4669 destillatu-

1058 4698 1147 4769 riam
1165 4699 1322 4769 immitte.
1348 4695 1560 4769 Rectificatio
1578 4699 1657 4793 igne

1013 4886 1018 4891 ¹
1059 4794 1342 4869 moderatissimo
1370 4798 1580 4884 instituatur,
1625 4809 1656 4865 et
