3550 5417
295 350 372 427 θῶ
419 348 666 421 ΕΧΤΒΑΕΤΑ
692 344 954 416 sumtuosa

299 523 402 577 centies
424 524 459 577 sit
482 516 640 592 repetenda.
679 518 779 573 Gravia
807 519 874 572 baec
895 534 951 570 mo-

297 588 396 654 lestia,
418 601 557 675 graveque
575 582 777 638 incommodum
788 601 874 656 parra
887 602 952 656 sup·

321 663 445 728 ellectilx,
470 658 618 731 parvisque
645 658 781 713 sumtibus
805 662 951 713 evitantur.

299 681 495 800 Exprimanlur
521 726 592 778 enim
613 720 724 777 residua
740 724 767 776 in
787 722 861 778 dolio
877 724 952 795 ipso,

300 795 428 850 cochleae
449 792 553 863 ligneae
576 789 657 843 fortis
679 806 696 842 o
719 805 748 853 e,
772 806 844 862 qliae
871 791 952 843 facile

298 860 461 915 admovetur
470 868 553 929 atque
567 857 683 910 tollitur.
729 856 812 909 olium
823 857 848 909 iu
859 871 953 909 mensa

299 924 394 979 humili
409 934 450 977 εει
465 919 684 977 constituendum
717 938 748 974 ex
763 938 818 992 qua
830 923 885 993 pali
897 920 953 973 duo

297 991 429 1044 laterales
448 990 533 1043 erecti
549 1003 635 1068 supra
654 961 756 1040 dolium
779 1004 866 1057 rraqrre
892 988 954 1040 emi·

299 1067 391 1111 mant.
425 1057 457 1109 Iu
477 1054 517 1108 bis
534 1054 604 1126 pairs
618 1069 741 1124 superne
756 1053 850 1107 trabes
866 1063 955 1108 trans-

301 1147 397 1196 versa,
415 1129 595 1182 foraminibus
610 1125 752 1208 quadratis
764 1126 858 1197 pervia
875 1135 955 1179 etcu-

300 1196 359 1249 ucis
392 1193 593 1260 confirmanda,
619 1193 786 1273 imponitur,
812 1192 841 1244 in
874 1193 955 1268 eujus

301 1259 393 1314 medio
410 1260 541 1313 cochleae
552 1269 640 1312 mater
652 1260 735 1313 melan
755 1268 805 1311 est.
831 1257 955 1312 Materris

303 1323 477 1381 extrahendis
492 1336 519 1379 et
536 1340 623 1379 cuma
646 1341 680 1377 ua
697 1324 767 1378 bene
784 1321 892 1395 digestis
902 1324 956 1403 pri·

302 1408 378 1445 mum
395 1391 466 1462 ligna
480 1388 617 1454 rotunda,
652 1389 736 1443 olium
752 1388 811 1445 iere
831 1400 958 1443 emetien-

302 1456 355 1524 tis,
384 1457 577 1526 imponuntur,
609 1457 648 1511 liis
676 1466 834 1510 transverse
862 1456 957 1511 trabes

302 1522 431 1588 crassior,
448 1539 521 1593 quae
533 1523 604 1594 ligna
619 1520 738 1576 rotunda
754 1522 957 1593 coerceat,ipsn

302 1603 372 1641 vcro
385 1605 401 1640 a
414 1589 526 1641 cochlea
541 1600 683 1661 urgeatur.
709 1588 756 1641 His
771 1584 823 1638 rite
840 1603 957 1659 praepa-

302 1654 370 1707 ratis
384 1653 557 1734 epistomium
569 1655 684 1708 laterale
699 1654 808 1707 tollitur
825 1652 883 1772 pel
899 1671 957 1705 ver·

303 1718 372 1775 titur
392 1738 413 1773 ss
439 1720 567 1774 versatile
583 1730 652 1783 esti,
670 1731 699 1773 ut
717 1737 730 1771 ε
751 1729 816 1773 onte
843 1735 958 1790 rquorcs

303 1785 435 1852 effluant,
488 1797 599 1839 uantum
624 1787 651 1840 id
677 1738 750 1839 fierl
764 1793 869 1856 potest3
899 1796 957 1837 tum

303 1851 404 1906 senaim
427 1870 475 1905 coe
496 1852 566 1905 leam
594 1864 763 1923 contorque,
799 1859 826 1901 ct
854 1851 959 1903 viribus

304 1916 447 1989 paullatim
462 1916 592 1989 augendis
609 1919 743 1972 violenter
762 1915 856 1985 adige,
873 1933 959 1985 quan·

304 1992 364 2036 tum
383 1983 453 2035 vires
475 1988 517 2037 vel
537 1983 736 2055 suppellectilis
752 1984 864 2036 samaritas
882 1986 959 2036 serre

305 2058 419 2119 queant.
437 2049 531 2103 Omnis
546 2050 605 2100 lere
618 2049 712 2122 liquor
727 2048 849 2101 imbutus
867 2048 959 2101 berbin

304 2113 353 2168 tali
372 2112 454 2166 modo
475 2114 655 2187 exprimitur,
678 2115 714 2168 ita
740 2124 770 2166 ut
792 2112 960 2166 insecenda

305 2179 482 2261 operatione,
500 2178 595 2232 eodem
611 2179 693 2233 modo
708 2178 887 2243 instituenda,
904 2196 960 2232 non

305 2245 356 2300 mai
374 2246 526 2300 solutiones
547 2244 740 2312 dilutiasimae,
758 2245 960 2313 evaporationis

306 2327 423 2431 operam
439 2323 522 2383 utque
536 2323 655 2366 sumtum
671 2312 713 2366 rix
731 2313 961 2383 aequiparantes,

307 2394 325 2430 o
347 2378 494 2435 tineantur.
528 2377 621 2430 Tertia
641 2377 774 2431 extractio
797 2395 961 2448 supervaca-

306 2461 360 2498 uea
374 2455 431 2510 est,
449 2444 502 2497 imo
520 2443 599 2496 etiam
616 2444 726 2511 nocivam
744 2454 868 2514 praestat
890 2443 960 2496 enim

305 2511 453 2581 parvulam
476 2510 596 2563 Extracti
619 2510 726 2581 copiam
747 2509 962 2580 derelinquere,

307 2590 390 2657 quam
400 2592 507 2627 omnem
522 2573 660 2643 subjicere
668 2573 815 2628 diuturnae
829 2591 962 2647 evapora-

307 2639 384 2697 tioni.
409 2640 547 2712 Liquores
565 2640 705 2712 expressi,
723 2642 887 2712 plerumque
898 2650 961 2695 sunt

307 2705 412 2778 limpidi
432 2706 475 2759 rel
490 2704 663 2777 sublimpidi,
689 2707 726 2762 ita
744 2717 774 2762 ut
793 2704 961 2761 subsidentia

309 2784 393 2844 atque
427 2771 561 2825 colutiotte
597 2777 663 2840 (per
696 2795 806 2844 pannum
843 2779 962 2837 laneum,

309 2849 368 2908 quia
392 2843 486 2892 linteus
512 2843 633 2893 facillime
655 2845 813 2906 obstruitur)
835 2839 900 2892 satis
918 2838 962 2891 tle·

308 2905 403 2975 pucati
420 2920 472 2973 pro
486 2904 679 2973 evaporatione
692 2901 837 2977 prodeant.
863 2904 895 2956 lu
913 2904 963 2957 hae

308 2981 399 3024 autem
423 2986 527 3023 summa
553 2986 621 3022 eura
646 2980 729 3042 atque
753 2969 963 3041 circumspectio

310 3054 352 3098 est
368 3042 501 3101 habenda.
527 3043 663 3114 Liquores
676 3042 800 3097 ultimum
816 3044 906 3106 eliciti,
919 3059 964 3096 co·

308 3126 364 3181 que
379 3110 530 3175 tenuiores,
543 3110 662 3181 primum
680 3107 733 3182 igni
748 3119 861 3180 aperto,
879 3116 963 3178 (ligno

308 3182 347 3229 rel
357 3182 526 3230 lirhnnthrnee
541 3184 647 3235 noento)
663 3175 690 3227 in
707 3174 795 3227 abeno
807 3175 864 3227 lato
878 3175 963 3245 impo-

310 3254 433 3306 nuntur,
453 3251 480 3294 ει
496 3243 568 3295 inter
585 3242 673 3294 lenem
695 3240 899 3305 ebullitionem,
922 3257 963 3291 re·

309 3308 375 3362 teris
405 3307 503 3361 sensim
539 3323 590 3377 pro
623 3306 745 3358 humoris
775 3305 963 3358 consumtione

309 3372 435 3442 adjectis,
463 3388 552 3444 usque
576 3371 611 3425 ad
632 3372 736 3453 Syrupi
762 3370 963 3443 spissitudinem

314 3448 481 3510 evaporent,
504 3448 562 3491 tum
581 3438 691 3509 penitus
711 3456 737 3491 rn
752 3436 854 3489 balneo
866 3441 964 3508 Aquae

311 3504 354 3555 vel
372 3505 514 3557 Calcariae
529 3502 686 3555 muriatioae
704 3500 738 3555 ad
754 3504 868 3556 extracti
878 3504 965 3555 eonsi-

310 3570 435 3622 etentiam
453 3576 513 3633 (usu
531 3575 751 3638 distinguendam,
771 3591 815 3622 nec
835 3577 915 3622 verinis
934 3578 964 3624 ia·

310 3640 360 3688 clla
377 3641 577 3698 describendum)
593 3631 761 3706 redigantur.
795 3634 824 3687 Sl
836 3634 964 3688 balneum

310 3716 365 3771 pro
390 3700 491 3771 magnis
509 3699 701 3753 Extraetorum
719 3697 891 3772 ponderibus
909 3719 965 3755 nou

309 3774 466 3839 sufficeret,
492 3774 559 3846 ignis
574 3772 821 3841 moderatissimus,
839 3775 964 3845 paullum

310 3838 429 3907 distans,
455 3857 488 3893 ex
513 3839 682 3894 carbonibus
706 3841 788 3913 ligni,
814 3858 865 3894 nee
891 3841 964 3914 ligno

309 3904 380 3978 ipso,
395 3916 436 3958 est
447 3907 668 3978 supponendum,
682 3906 804 3960 cavendo
814 3924 848 3959 ne
857 3905 964 3959 damma

309 3988 358 4024 vas
380 3972 446 4026 attin
467 3983 501 4026 at.
533 3973 705 4045 Magnopere
731 3972 897 4026 laudandum
924 3981 964 4025 est

309 4035 439 4090 balneum
480 4038 773 4103 aleariaemuriaticae,
791 4037 866 4109 qnod
885 4038 912 4091 in
927 4039 965 4090 la·

310 4101 459 4156 boratoriis
471 4104 699 4175 pharmaceutieis
718 4105 822 4176 ubique
840 4102 919 4156 iaciie
932 4120 964 4155 ex

310 4175 423 4231 residuo
442 4176 561 4247 Spiritus
573 4175 646 4230 Salis
666 4176 833 4231 Ammoniaci
849 4191 965 4247 praepa·

311 4253 403 4298 ratur.
439 4245 496 4296 Vas
519 4251 662 4295 externum
680 4259 815 4313 cupreum
839 4256 904 4298 (nee
922 4251 966 4295 ter·

310 4315 402 4377 reum)
416 4307 577 4362 solutionem
593 4317 743 4362 saturatam
752 4306 894 4362 Calcariae
908 4325 964 4360 me-

311 4374 422 4429 riaticae
440 4375 576 4440 continet,
605 4390 651 4425 vas
678 4374 792 4427 interius
821 4383 963 4428 stanneum

310 4444 369 4509 (vel
396 4439 617 4512 porcellaneum,
649 4439 693 4492 vel
715 4450 892 4512 argenteum,
920 4439 964 4494 rel

311 4523 447 4580 cupreum
458 4516 556 4559 stanno
568 4505 639 4558 bene
648 4501 814 4574 obductum)
826 4506 964 4578 liquorem

308 4575 401 4646 ipsum
424 4571 464 4625 ins
486 4570 623 4624 issandum
642 4571 778 4637 eontinet,
805 4582 832 4625 et
850 4582 963 4626 externe

309 4641 447 4711 aliquota
461 4590 602 4715 &aleariae
620 4635 793 4702 muriaticae,
809 4655 860 4691 nec
881 4656 963 4720 vapo-

310 4707 389 4761 ribus
413 4705 501 4759 solum
525 4702 649 4756 alluatur.
689 4704 856 4776 Evaporatio
885 4704 964 4758 cinus

310 4772 471 4843 perficitur,
486 4785 571 4844 quam
588 4766 731 4823 turnines
750 4786 839 4845 aquae
858 4770 903 4823 vei
918 4787 963 4822 va·

308 4838 403 4909 poris,
426 4852 489 4893 uam
507 4845 536 4890 et
559 4834 587 4890 iu
606 4833 767 4892 ebullitione
790 4834 908 4909 liquoris
926 4836 962 4890 in·

978 383 1028 399 ·-
1052 341 1303 413 ExeaacTa
1332 338 1583 411 Aetnaeus

1001 536 1014 571 ε
1035 515 1135 570 issaudi
1153 513 1303 568 adustionis
1322 514 1480 593 perieulum
1498 528 1554 565 noa
1573 513 1662 569 adest.

1025 593 1131 638 xtracta
1152 591 1243 633 autem
1270 590 1379 652 peurtus
1399 576 1433 632 ad
1460 578 1563 651 siccum
1585 578 1661 632 redi·

1002 647 1099 731 genda,
1116 646 1224 702 nonnisi
1238 646 1265 698 iu
1281 646 1383 698 balneo
1398 645 1589 710 absolvantur,
1607 661 1660 699 nee

1001 716 1055 770 mi
1075 717 1101 768 ui
1123 723 1229 785 aperto
1264 711 1344 766 Vasis
1371 710 1482 781 cupreis
1503 711 1547 762 rel
1569 711 1661 764 aeneis

1003 733 1136 847 stilicus,
1165 779 1187 831 si
1210 794 1307 832 curam
1328 778 1445 850 gesseris
1464 792 1562 829 reeens
1582 783 1660 845 (enm

1003 855 1077 903 scidi
1104 850 1232 900 muriatici
1261 852 1369 913 guttulis
1394 849 1558 913 quibusdam)
1584 861 1661 895 muu-

1003 912 1221 975 detractauere,
1239 921 1267 964 et
1282 911 1405 982 liquores
1422 909 1449 961 iu
1465 906 1531 979 ipsis
1548 907 1662 982 refrige-

1002 979 1060 1033 rari
1079 979 1123 1032 rel
1138 987 1212 1030 stare
1249 993 1280 1029 er
1294 986 1401 1028 noctem
1420 991 1476 1027 non
1494 973 1662 1045 permiseris.

1003 1046 1142 1115 Liquores
1157 992 1282 1115 paullirm
1298 1041 1425 1112 tepefacti
1440 1039 1467 1093 iu
1486 1056 1550 1092 vasa
1572 1040 1661 1111 lignea

1005 1113 1047 1166 vel
1071 1109 1162 1163 fictilia
1186 1108 1426 1163 transfunduntur.
1469 1103 1500 1158 ln
1528 1121 1661 1177 evapora-

1005 1177 1077 1231 tione
1100 1175 1157 1246 ipsa
1180 1173 1289 1255 agitatio
1313 1171 1421 1229 assidua
1438 1169 1582 1240 conducit,
1604 1188 1661 1244 qua

1005 1240 1116 1314 raperis
1133 1239 1276 1295 extricatio
1290 1239 1412 1306 ioretur,
1429 1236 1571 1309 liquorum
1590 1237 1663 1292 inca·

1004 1307 1134 1363 leseentia
1150 1306 1231 1359 nimia
1248 1303 1441 1376 praee'avetur.

1066 1407 1293 1470 extenues
1326 1403 1570 1466 seruereosa
1608 1415 1661 1486 pre.

1007 1503 1069 1539 rum
1093 1501 1126 1535 ue
1141 1481 1186 1536 tali
1205 1480 1286 1534 modo
1301 1490 1515 1552 praeparantur.
1534 1482 1660 1554 Corpora

1006 1561 1083 1605 extra
1105 1548 1173 1601 enda
1189 1547 1216 1599 iu
1234 1544 1406 1599 cucurbitam
1424 1547 1537 1599 vitream
1559 1554 1570 1615 (
1580 1548 1659 1601 tubu-

1006 1619 1103 1677 latam,
1117 1615 1138 1669 si
1152 1615 1205 1677 vis,
1220 1623 1250 1666 et
1265 1613 1370 1664 facilius
1385 1612 1509 1684 liquores
1522 1611 1660 1680 effundas)

1007 1683 1207 1745 immittuntur,
1232 1689 1259 1731 et
1284 1678 1404 1749 Spiritus
1427 1678 1488 1735 vini
1510 1679 1660 1797 anctifice-

1008 1749 1125 1803 tissimus
1140 1746 1183 1798 vel
1202 1763 1234 1798 cx
1258 1743 1475 1817 praescriptione
1488 1744 1514 1797 di
1528 1755 1591 1801 utus
1598 1760 1608 1812 )
1625 1746 1661 1796 al·

1008 1813 1141 1869 funditur.
1181 1810 1303 1865 Miscella
1328 1808 1465 1864 interdum
1494 1810 1593 1866 a'itata
1611 1826 1661 1891 per

1008 1882 1112 1952 aliquot
1128 1878 1185 1930 dics
1208 1875 1370 1929 inaceranda
1387 1885 1447 1941 est,
1473 1829 1531 1945 τερ,
1553 1877 1575 1931 si
1592 1878 1662 1957 dige-

1009 1949 1061 2000 atio
1073 1943 1159 1998 calida
1197 1940 1394 2006 raescribitur,
1412 1944 1438 1994 in
1454 1942 1554 1996 balneo
1569 1942 1661 2015 tepido

1011 2014 1053 2064 rel
1070 2028 1159 2083 prope
1175 1962 1316 2063 lbrnacem
1332 2007 1465 2075 fovendas
1483 2010 1509 2061 in
1532 2009 1581 2063 bac
1599 2026 1662 2082 ope·

1010 2077 1115 2131 ratione
1134 2076 1288 2128 curandum
1309 2084 1367 2139 est,
1386 2091 1419 2127 nc
1434 2073 1554 2144 Spiritus
1571 2076 1684 2147 aliqua-

1010 2142 1163 2214 deperditio
1181 2142 1241 2206 liat,
1259 2158 1309 2192 nee
1326 2140 1492 2257 explosionis
1529 2142 1662 2196 ericulum

1010 2210 1116 2263 incauta
1134 2207 1310 2259 obturatione
1327 2222 1360 2257 su
1382 2216 1469 2262 estur.
1520 2208 1663 2261 ueurbitae

1010 2275 1143 2328 orificium
1165 2273 1253 2324 vesica
1273 2272 1379 2323 bubula
1401 2271 1501 2343 passim
1525 2274 1663 2344 perforate

1011 2342 1171 2415 obligatur,
1190 2338 1233 2390 rel
1252 2354 1267 2390 ε
1290 2338 1395 2392 istomio
1415 2338 1547 2392 suberino
1563 2338 1662 2392 claudi·

1011 2419 1073 2473 tur,
1091 2407 1117 2459 in
1139 2404 1215 2476 quod
1234 2356 1319 2458 tubus
1336 2403 1439 2457 vitreus
1457 2415 1539 2476 aptus
1555 2416 1610 2473 est,
1626 2405 1663 2458 ita

1012 2483 1042 2526 ut
1060 2489 1176 2545 vapores
1192 2480 1366 2524 transeuntes
1379 2470 1449 2523 aeris
1466 2481 1594 2525 contactu
1607 2470 1662 2543 ple·

1011 2555 1131 2610 rumque
1142 2534 1353 2590 condensentur.
1390 2536 1513 2589 Mucella
1534 2537 1604 2591 bene
1626 2533 1663 2591 di·

1030 2615 1086 2658 esta
1099 2601 1274 2674 exprimenda
1290 2613 1331 2655 est
1346 2602 1372 2656 in
1388 2602 1502 2655 sacculis
1517 2602 1605 2656 linteis
1620 2604 1664 2656 vel

1011 2690 1038 2726 ru
1048 2672 1129 2741 prelo
1140 2684 1228 2741 parvo
1238 2667 1444 2722 decoctionibus
1456 2669 1576 2723 colandis
1589 2679 1662 2742 apto.

1012 2734 1153 2791 Extractio
1177 2731 1325 2805 spirituosa
1344 2736 1512 2805 plerumque
1536 2746 1580 2789 ter
1597 2752 1663 2808 qua·

1012 2814 1089 2858 terve
1107 2811 1148 2855 est
1168 2798 1349 2867 instituenda,
1366 2818 1428 2852 rum
1448 2800 1485 2851 du
1508 2801 1535 2853 lo
1554 2800 1662 2871 Specie·

1012 2887 1074 2923 rum
1093 2865 1215 2940 pondere
1236 2864 1356 2945 Spiritus
1375 2866 1434 2920 Vini
1451 2819 1506 2920 vel
1514 2867 1664 2920 sufficiente

1012 2933 1091 3005 copia
1109 2931 1143 2985 ad
1160 2931 1318 2985 solubilium
1337 2930 1499 3004 penitiorem
1523 2932 1662 2986 extractio·

1013 3018 1083 3054 nern.
1123 2996 1261 3070 Liquores
1289 2998 1411 3069 expressi
1438 3000 1481 3052 rel
1504 3000 1665 3065 filtratione,

1014 3067 1057 3119 vel
1075 3062 1233 3117 sicbertum
1248 3080 1301 3116 non
1321 3076 1481 3135 penetrant,
1500 3064 1664 3119 subsidentia

1011 3127 1188 3212 limpidefarti
1211 3130 1237 3183 in
1262 3139 1395 3183 retortam
1416 3131 1529 3184 vitream
1550 3131 1589 3191 (ai
1612 3148 1665 3183 ma·

1012 3202 1079 3267 joras
1095 3206 1158 3250 sunt
1182 3195 1344 3262 voluminis,
1368 3196 1394 3249 in
1414 3197 1526 3249 vesicam
1549 3196 1665 3253 destilla-

1012 3265 1122 3325 toriam)
1131 3262 1322 3328 immittuntur,
1330 3272 1357 3315 et
1365 3262 1486 3334 Spiritus
1495 3264 1557 3317 Vini
1568 3262 1665 3315 blanda

1014 3330 1194 3383 destillatione
1213 3329 1240 3380 in
1253 3326 1354 3380 balneo
1369 3330 1412 3381 vel
1430 3328 1491 3401 igne
1509 3328 1665 3383 moderatis·

1013 3398 1080 3450 simo
1094 3394 1235 3474 supposito
1250 3392 1366 3446 elicitur.
1389 3393 1526 3466 Liquores
1540 3395 1664 3467 depirleg-

1015 3462 1078 3514 mati
1094 3459 1212 3530 denique
1233 3459 1259 3511 in
1294 3459 1365 3511 atina
1382 3473 1479 3530 aperta
1494 3460 1527 3512 ad
1545 3461 1665 3516 Extraeti

1014 3527 1213 3601 spissitudinem
1230 3541 1261 3578 re
1282 3526 1401 3598 iguntur.

1056 3639 1280 3701 exentera
1306 3640 1532 3701 abellenus
1546 3650 1665 3705 lecum

1013 3716 1141 3788 liaphtlra
1159 3713 1271 3769 Vitrioli
1287 3725 1385 3835 parata
1402 3716 1479 3771 simili
1497 3715 1578 3769 modo
1596 3715 1665 3767 obti-

1014 3793 1129 3848 nentur,
1159 3780 1208 3834 nisi
1227 3796 1285 3852 quo
1328 3793 1447 3853 propter
1464 3785 1595 3850 majorem
1614 3779 1665 3831 sol·

1014 3847 1101 3902 ventis
1114 3846 1302 3901 volatilitatem
1319 3851 1464 3922 majusque
1483 3846 1600 3918 pretium
1621 3840 1666 3920 dc·

1015 3913 1132 3987 perditio
1144 3913 1252 3967 cautius
1276 3924 1317 3969 est
1339 3914 1471 3968 evitanda.
1506 3914 1665 3965 Maceratro·

1014 3999 1062 4035 nes
1084 3979 1198 4054 trigidae
1215 3979 1242 4033 in
1260 3980 1405 4034 cucurbita
1421 3985 1490 4032 bene
1511 3976 1603 4028 clausa
1621 3975 1665 4053 νεὶ

1014 4047 1089 4101 vitris
1113 4045 1208 4099 oriiieii
1227 4045 1368 4115 amplioris
1390 4043 1490 4097 clausis
1511 4055 1666 4111 quoquere

1014 4113 1076 4166 loco
1099 4110 1198 4193 frigido
1226 4112 1422 4174 instituuntur,
1443 4106 1605 4177 digestiones
1622 4107 1666 4162 vel

1013 4178 1068 4231 imo
1085 4188 1223 4232 coctiones
1236 4177 1350 4229 maxima
1368 4193 1428 4226 cum
1446 4187 1513 4224 eura
1527 4181 1592 4225 sunt
1603 4187 1664 4237 per·

1013 4242 1151 4298 liciendaa.
1175 4244 1300 4296 Praestat
1313 4241 1340 4293 in
1354 4236 1514 4292 cucurbitae
1531 4238 1666 4292 orificium

1014 4310 1186 4383 epistourium
1205 4307 1366 4363 auberinnm
1389 4305 1544 4374 imponere,
1565 4304 1666 4377 inquo

1014 4377 1099 4430 tubus
1113 4376 1218 4429 vitreus
1237 4371 1373 4426 immissus
1390 4379 1448 4435 est,
1466 4379 1579 4423 externe
1594 4384 1668 4441 aque

1013 4440 1110 4516 frigida
1125 4438 1292 4493 circumdata
1306 4434 1521 4511 refrigerandus.
1540 4436 1667 4507 Naphtlxa

1014 4506 1208 4578 evaporatione
1221 4503 1349 4584 dissipata
1364 4502 1469 4557 intubo
1482 4503 1667 4557 condensatur

1014 4587 1041 4627 et
1061 4571 1214 4642 colligitur,
1239 4581 1267 4622 et
1286 4587 1312 4623 ru
1336 4586 1383 4622 vas
1404 4569 1493 4638 ipsum
1512 4579 1610 4641 sponte
1626 4586 1667 4623 re·

1014 4639 1081 4693 iluit.
1100 4635 1247 4707 Expressio
1262 4652 1293 4688 ex
1310 4634 1426 4690 sacculis
1438 4652 1562 4709 magnam
1576 4646 1603 4689 et
1617 4637 1666 4688 Ex·

1014 4705 1095 4759 tracti
1113 4712 1140 4755 et
1163 4701 1331 4755 extrahentis
1355 4700 1449 4774 liquidi
1470 4703 1605 4770 jacturam
1627 4717 1665 4755 se·

1013 4770 1147 4831 cnrnfert,
1158 4783 1248 4847 quero
1282 4769 1428 4842 lorumque
1441 4785 1497 4822 raon
1508 4768 1559 4824 nisi
1573 4765 1666 4821 ultima

1013 4837 1073 4888 ries
1088 4835 1243 4907 perficitur.
1259 4784 1368 4910 [lquor
1379 4834 1499 4892 cuium
1511 4835 1541 4891 iu
1553 4830 1666 4890 uunal-
