<?xml version="1.0" encoding="UTF-8"?>
<!DOCTYPE html PUBLIC "-//W3C//DTD XHTML 1.0 Transitional//EN"
    "http://www.w3.org/TR/xhtml1/DTD/xhtml1-transitional.dtd">
<html xmlns="http://www.w3.org/1999/xhtml" xml:lang="en" lang="en">
 <head>
  <title>
</title>
<meta http-equiv="Content-Type" content="text/html;charset=utf-8" />
  <meta name='ocr-system' content='tesseract 3.04.00' />
  <meta name='ocr-capabilities' content='ocr_page ocr_carea ocr_par ocr_line ocrx_word'/>
</head>
<body>
  <div class='ocr_page' id='page_1' title='image "./pharmacopoeauni01mohrgoog_0632.png"; bbox 0 0 3550 5417; ppageno 0'>
   <div class='ocr_carea' id='block_1_1' title="bbox 319 293 1539 408">
    <p class='ocr_par' dir='ltr' id='par_1_1' title="bbox 319 293 1539 408">
     <span class='ocr_line' id='line_1_1' title="bbox 319 293 1539 408; baseline -0.004 0"><span class='ocrx_word' id='word_1_1' title='bbox 319 331 395 408; x_wconf 81' lang='lat' dir='ltr'>ato</span> <span class='ocrx_word' id='word_1_2' title='bbox 484 329 710 402; x_wconf 79' lang='lat' dir='ltr'>rnosruas</span> <span class='ocrx_word' id='word_1_3' title='bbox 734 330 982 401; x_wconf 80' lang='lat' dir='ltr'>aunoutan</span> <span class='ocrx_word' id='word_1_4' title='bbox 1001 293 1099 401; x_wconf 77' lang='lat' dir='ltr'>cunr</span> <span class='ocrx_word' id='word_1_5' title='bbox 1123 331 1244 401; x_wconf 80' lang='lat' dir='ltr'>sona</span> <span class='ocrx_word' id='word_1_6' title='bbox 1269 367 1317 383; x_wconf 91' lang='lat'>-</span> <span class='ocrx_word' id='word_1_7' title='bbox 1339 332 1539 404; x_wconf 71' lang='lat' dir='ltr'>runata</span> 
     </span>
    </p>
   </div>
   <div class='ocr_carea' id='block_1_2' title="bbox 261 508 979 1561">
    <p class='ocr_par' dir='ltr' id='par_1_2' title="bbox 321 508 979 904">
     <span class='ocr_line' id='line_1_2' title="bbox 321 508 978 579; baseline -0.008 -17"><span class='ocrx_word' id='word_1_8' title='bbox 321 513 481 579; x_wconf 78' lang='lat' dir='ltr'>depureutur.</span> <span class='ocrx_word' id='word_1_9' title='bbox 520 508 713 560; x_wconf 85' lang='lat' dir='ltr'>Phlorhisiuum</span> <span class='ocrx_word' id='word_1_10' title='bbox 732 525 840 574; x_wconf 81' lang='lat' dir='ltr'>quaque,</span> <span class='ocrx_word' id='word_1_11' title='bbox 853 524 913 558; x_wconf 86' lang='lat' dir='ltr'>eum</span> <span class='ocrx_word' id='word_1_12' title='bbox 926 509 978 572; x_wconf 77' lang='lat' dir='ltr'>Spl-</span> 
     </span>
     <span class='ocr_line' id='line_1_3' title="bbox 325 574 979 639; baseline -0.009 -11"><span class='ocrx_word' id='word_1_13' title='bbox 325 580 379 628; x_wconf 80' lang='lat' dir='ltr'>situ</span> <span class='ocrx_word' id='word_1_14' title='bbox 390 577 448 626; x_wconf 80' lang='lat' dir='ltr'>Vini</span> <span class='ocrx_word' id='word_1_15' title='bbox 460 574 557 625; x_wconf 75' lang='lat' dir='ltr'>extrahi</span> <span class='ocrx_word' id='word_1_16' title='bbox 578 585 677 639; x_wconf 85' lang='lat' dir='ltr'>potest,</span> <span class='ocrx_word' id='word_1_17' title='bbox 697 576 775 639; x_wconf 86' lang='lat' dir='ltr'>idque</span> <span class='ocrx_word' id='word_1_18' title='bbox 797 576 906 624; x_wconf 73' lang='lat' dir='ltr'>uberius·</span> <span class='ocrx_word' id='word_1_19' title='bbox 940 577 979 623; x_wconf 85' lang='lat' dir='ltr'>lu·</span> 
     </span>
     <span class='ocr_line' id='line_1_4' title="bbox 322 640 978 706; baseline -0.006 -13"><span class='ocrx_word' id='word_1_20' title='bbox 322 644 444 693; x_wconf 79' lang='lat' dir='ltr'>laudatur</span> <span class='ocrx_word' id='word_1_21' title='bbox 468 641 606 690; x_wconf 70' lang='lat' dir='ltr'>corticibus</span> <span class='ocrx_word' id='word_1_22' title='bbox 628 641 769 690; x_wconf 68' lang='lat' dir='ltr'>recentibus</span> <span class='ocrx_word' id='word_1_23' title='bbox 789 641 897 706; x_wconf 71' lang='lat' dir='ltr'>Spiritus</span> <span class='ocrx_word' id='word_1_24' title='bbox 916 640 978 689; x_wconf 83' lang='lat' dir='ltr'>Vini</span> 
     </span>
     <span class='ocr_line' id='line_1_5' title="bbox 324 707 978 771; baseline -0.006 -12"><span class='ocrx_word' id='word_1_25' title='bbox 324 710 476 759; x_wconf 72' lang='lat' dir='ltr'>notificatus</span> <span class='ocrx_word' id='word_1_26' title='bbox 489 725 533 771; x_wconf 90' lang='lat' dir='ltr'>per</span> <span class='ocrx_word' id='word_1_27' title='bbox 545 707 618 755; x_wconf 89' lang='lat' dir='ltr'>horas</span> <span class='ocrx_word' id='word_1_28' title='bbox 632 719 704 763; x_wconf 85' lang='lat' dir='ltr'>octo,</span> <span class='ocrx_word' id='word_1_29' title='bbox 718 707 877 766; x_wconf 78' lang='lat' dir='ltr'>effundatur,</span> <span class='ocrx_word' id='word_1_30' title='bbox 887 718 913 756; x_wconf 90' lang='lat' dir='ltr'>et</span> <span class='ocrx_word' id='word_1_31' title='bbox 926 708 978 771; x_wconf 84' lang='lat' dir='ltr'>Spi-</span> 
     </span>
     <span class='ocr_line' id='line_1_6' title="bbox 324 770 977 837; baseline -0.003 -13"><span class='ocrx_word' id='word_1_32' title='bbox 324 776 388 825; x_wconf 86' lang='lat' dir='ltr'>ritus</span> <span class='ocrx_word' id='word_1_33' title='bbox 401 773 568 823; x_wconf 87' lang='lat' dir='ltr'>destillatione</span> <span class='ocrx_word' id='word_1_34' title='bbox 581 770 746 820; x_wconf 81' lang='lat' dir='ltr'>abstrahatur.</span> <span class='ocrx_word' id='word_1_35' title='bbox 779 773 816 821; x_wconf 81' lang='lat' dir='ltr'>Er</span> <span class='ocrx_word' id='word_1_36' title='bbox 829 773 926 837; x_wconf 86' lang='lat' dir='ltr'>liquore</span> <span class='ocrx_word' id='word_1_37' title='bbox 943 789 977 822; x_wconf 84' lang='lat' dir='ltr'>ts·</span> 
     </span>
     <span class='ocr_line' id='line_1_7' title="bbox 322 838 781 904; baseline -0.015 -14"><span class='ocrx_word' id='word_1_38' title='bbox 322 842 396 892; x_wconf 87' lang='lat' dir='ltr'>siduo</span> <span class='ocrx_word' id='word_1_39' title='bbox 407 838 517 904; x_wconf 71' lang='lat' dir='ltr'>crystalli</span> <span class='ocrx_word' id='word_1_40' title='bbox 529 854 630 900; x_wconf 80' lang='lat' dir='ltr'>quoque</span> <span class='ocrx_word' id='word_1_41' title='bbox 641 849 781 885; x_wconf 88' lang='lat' dir='ltr'>nascuntur.</span> 
     </span>
    </p>

    <p class='ocr_par' dir='ltr' id='par_1_3' title="bbox 261 901 978 1561">
     <span class='ocr_line' id='line_1_8' title="bbox 275 901 978 969; baseline -0.004 -14"><span class='ocrx_word' id='word_1_42' title='bbox 275 929 281 940; x_wconf 83' lang='lat'><strong>·</strong></span> <span class='ocrx_word' id='word_1_43' title='bbox 356 909 418 955; x_wconf 89' lang='lat' dir='ltr'>Sunt</span> <span class='ocrx_word' id='word_1_44' title='bbox 432 904 544 969; x_wconf 72' lang='lat' dir='ltr'>crystalli</span> <span class='ocrx_word' id='word_1_45' title='bbox 562 903 681 961; x_wconf 68' lang='lat' dir='ltr'>sericeas,</span> <span class='ocrx_word' id='word_1_46' title='bbox 698 901 849 962; x_wconf 75' lang='lat' dir='ltr'><strong>aniculam,</strong></span> <span class='ocrx_word' id='word_1_47' title='bbox 866 904 978 967; x_wconf 86' lang='lat' dir='ltr'>plerum·</span> 
     </span>
     <span class='ocr_line' id='line_1_9' title="bbox 324 969 976 1034; baseline 0 -14"><span class='ocrx_word' id='word_1_48' title='bbox 324 988 373 1034; x_wconf 85' lang='lat' dir='ltr'>qua</span> <span class='ocrx_word' id='word_1_49' title='bbox 391 971 476 1019; x_wconf 77' lang='lat' dir='ltr'>leviter</span> <span class='ocrx_word' id='word_1_50' title='bbox 491 972 583 1028; x_wconf 79' lang='lat' dir='ltr'>tiarae,</span> <span class='ocrx_word' id='word_1_51' title='bbox 603 984 665 1031; x_wconf 89' lang='lat' dir='ltr'>aqua</span> <span class='ocrx_word' id='word_1_52' title='bbox 679 969 767 1032; x_wconf 71' lang='lat' dir='ltr'>frigida</span> <span class='ocrx_word' id='word_1_53' title='bbox 784 984 883 1032; x_wconf 88' lang='lat' dir='ltr'>parum,</span> <span class='ocrx_word' id='word_1_54' title='bbox 909 972 976 1020; x_wconf 81' lang='lat' dir='ltr'>ferri·</span> 
     </span>
     <span class='ocr_line' id='line_1_10' title="bbox 322 1033 977 1101; baseline -0.003 -15"><span class='ocrx_word' id='word_1_55' title='bbox 322 1039 355 1086; x_wconf 84' lang='lat' dir='ltr'>ds</span> <span class='ocrx_word' id='word_1_56' title='bbox 371 1036 554 1101; x_wconf 68' lang='lat' dir='ltr'>perastutula,</span> <span class='ocrx_word' id='word_1_57' title='bbox 571 1033 668 1098; x_wconf 87' lang='lat' dir='ltr'>Spiritu</span> <span class='ocrx_word' id='word_1_58' title='bbox 680 1034 740 1082; x_wconf 71' lang='lat' dir='ltr'>thi</span> <span class='ocrx_word' id='word_1_59' title='bbox 760 1033 858 1082; x_wconf 74' lang='lat' dir='ltr'>fervido</span> <span class='ocrx_word' id='word_1_60' title='bbox 875 1052 977 1100; x_wconf 85' lang='lat' dir='ltr'>quoque</span> 
     </span>
     <span class='ocr_line' id='line_1_11' title="bbox 322 1100 975 1168; baseline -0.002 -17"><span class='ocrx_word' id='word_1_61' title='bbox 322 1101 503 1168; x_wconf 87' lang='lat' dir='ltr'>persolubiles,</span> <span class='ocrx_word' id='word_1_62' title='bbox 514 1100 591 1165; x_wconf 86' lang='lat' dir='ltr'>pond.</span> <span class='ocrx_word' id='word_1_63' title='bbox 600 1115 665 1164; x_wconf 82' lang='lat' dir='ltr'>spec.</span> <span class='ocrx_word' id='word_1_64' title='bbox 682 1114 766 1163; x_wconf 75' lang='lat' dir='ltr'>¹r⁴²9s</span> <span class='ocrx_word' id='word_1_65' title='bbox 783 1100 875 1161; x_wconf 83' lang='lat' dir='ltr'>saporis</span> <span class='ocrx_word' id='word_1_66' title='bbox 888 1103 975 1159; x_wconf 82' lang='lat' dir='ltr'>amari,</span> 
     </span>
     <span class='ocr_line' id='line_1_12' title="bbox 261 1163 977 1234; baseline -0.004 -16"><span class='ocrx_word' id='word_1_67' title='bbox 261 1181 265 1189; x_wconf 94' lang='grc'><strong><em>·</em></strong></span> <span class='ocrx_word' id='word_1_68' title='bbox 321 1179 405 1234; x_wconf 83' lang='lat' dir='ltr'>postea</span> <span class='ocrx_word' id='word_1_69' title='bbox 419 1164 604 1229; x_wconf 70' lang='lat' dir='ltr'>adstringentis.</span> <span class='ocrx_word' id='word_1_70' title='bbox 640 1163 701 1215; x_wconf 70' lang='lat' dir='ltr'>Vis:</span> <span class='ocrx_word' id='word_1_71' title='bbox 718 1165 842 1223; x_wconf 70' lang='lat' dir='ltr'>remitum</span> <span class='ocrx_word' id='word_1_72' title='bbox 854 1168 977 1230; x_wconf 85' lang='lat' dir='ltr'>praedica·</span> 
     </span>
     <span class='ocr_line' id='line_1_13' title="bbox 322 1231 975 1291; baseline -0.002 -9"><span class='ocrx_word' id='word_1_73' title='bbox 322 1237 414 1291; x_wconf 77' lang='lat' dir='ltr'>batur,</span> <span class='ocrx_word' id='word_1_74' title='bbox 432 1249 446 1280; x_wconf 81' lang='lat' dir='ltr'>a</span> <span class='ocrx_word' id='word_1_75' title='bbox 463 1231 574 1281; x_wconf 81' lang='lat' dir='ltr'>Seliciuo</span> <span class='ocrx_word' id='word_1_76' title='bbox 592 1245 642 1278; x_wconf 86' lang='lat' dir='ltr'>uon</span> <span class='ocrx_word' id='word_1_77' title='bbox 659 1231 770 1280; x_wconf 86' lang='lat' dir='ltr'>multum</span> <span class='ocrx_word' id='word_1_78' title='bbox 782 1231 873 1280; x_wconf 67' lang='lat' dir='ltr'>(ludent.</span> <span class='ocrx_word' id='word_1_79' title='bbox 900 1237 975 1282; x_wconf 86' lang='lat' dir='ltr'>Usus:</span> 
     </span>
     <span class='ocr_line' id='line_1_14' title="bbox 321 1298 976 1361; baseline -0.002 -14"><span class='ocrx_word' id='word_1_80' title='bbox 321 1299 349 1347; x_wconf 87' lang='lat' dir='ltr'>iu</span> <span class='ocrx_word' id='word_1_81' title='bbox 363 1298 475 1347; x_wconf 79' lang='lat' dir='ltr'>febribus</span> <span class='ocrx_word' id='word_1_82' title='bbox 489 1307 622 1355; x_wconf 87' lang='lat' dir='ltr'>tentatum,</span> <span class='ocrx_word' id='word_1_83' title='bbox 631 1299 777 1345; x_wconf 86' lang='lat' dir='ltr'>atnoudum</span> <span class='ocrx_word' id='word_1_84' title='bbox 792 1309 920 1361; x_wconf 85' lang='lat' dir='ltr'>receptum</span> <span class='ocrx_word' id='word_1_85' title='bbox 931 1310 976 1359; x_wconf 86' lang='lat' dir='ltr'>eat,</span> 
     </span>
     <span class='ocr_line' id='line_1_15' title="bbox 323 1362 974 1427; baseline -0.002 -14"><span class='ocrx_word' id='word_1_86' title='bbox 323 1381 402 1427; x_wconf 87' lang='lat' dir='ltr'>quum</span> <span class='ocrx_word' id='word_1_87' title='bbox 423 1375 525 1427; x_wconf 88' lang='lat' dir='ltr'>propter</span> <span class='ocrx_word' id='word_1_88' title='bbox 547 1362 668 1411; x_wconf 83' lang='lat' dir='ltr'>Chinium</span> <span class='ocrx_word' id='word_1_89' title='bbox 692 1362 882 1425; x_wconf 83' lang='lat' dir='ltr'>sulphuriauus,</span> <span class='ocrx_word' id='word_1_90' title='bbox 908 1367 974 1427; x_wconf 87' lang='lat' dir='ltr'>quod</span> 
     </span>
     <span class='ocr_line' id='line_1_16' title="bbox 323 1427 977 1493; baseline 0.002 -16"><span class='ocrx_word' id='word_1_91' title='bbox 323 1429 418 1478; x_wconf 89' lang='lat' dir='ltr'>certius</span> <span class='ocrx_word' id='word_1_92' title='bbox 432 1440 457 1477; x_wconf 84' lang='lat' dir='ltr'>et</span> <span class='ocrx_word' id='word_1_93' title='bbox 473 1430 549 1477; x_wconf 89' lang='lat' dir='ltr'>citius</span> <span class='ocrx_word' id='word_1_94' title='bbox 564 1429 659 1492; x_wconf 83' lang='lat' dir='ltr'>ubique</span> <span class='ocrx_word' id='word_1_95' title='bbox 678 1429 730 1493; x_wconf 74' lang='lat' dir='ltr'>agit</span> <span class='ocrx_word' id='word_1_96' title='bbox 749 1444 828 1492; x_wconf 80' lang='lat' dir='ltr'>eoque</span> <span class='ocrx_word' id='word_1_97' title='bbox 841 1427 916 1477; x_wconf 81' lang='lat' dir='ltr'>silius</span> <span class='ocrx_word' id='word_1_98' title='bbox 930 1440 977 1492; x_wconf 88' lang='lat' dir='ltr'>est,</span> 
     </span>
     <span class='ocr_line' id='line_1_17' title="bbox 323 1494 847 1561; baseline -0.004 -16"><span class='ocrx_word' id='word_1_99' title='bbox 323 1494 456 1561; x_wconf 68' lang='lat' dir='ltr'>gloriolam</span> <span class='ocrx_word' id='word_1_100' title='bbox 469 1495 517 1544; x_wconf 93' lang='lat' dir='ltr'>sibi</span> <span class='ocrx_word' id='word_1_101' title='bbox 529 1510 677 1558; x_wconf 82' lang='lat' dir='ltr'>comparare</span> <span class='ocrx_word' id='word_1_102' title='bbox 694 1510 743 1541; x_wconf 85' lang='lat' dir='ltr'>usu</span> <span class='ocrx_word' id='word_1_103' title='bbox 756 1495 847 1559; x_wconf 79' lang='lat' dir='ltr'>potuit.</span> 
     </span>
    </p>
   </div>
   <div class='ocr_carea' id='block_1_3' title="bbox 319 1599 977 1784">
    <p class='ocr_par' dir='ltr' id='par_1_4' title="bbox 319 1599 977 1784">
     <span class='ocr_line' id='line_1_18' title="bbox 355 1599 975 1651; baseline -0.002 0"><span class='ocrx_word' id='word_1_104' title='bbox 355 1603 521 1651; x_wconf 67' lang='lat' dir='ltr'><strong>PHOSPHAS</strong></span> <span class='ocrx_word' id='word_1_105' title='bbox 545 1600 727 1650; x_wconf 75' lang='grc' dir='ltr'><strong>ΔΜΜΟΝΙΑΕ</strong></span> <span class='ocrx_word' id='word_1_106' title='bbox 748 1600 817 1649; x_wconf 79' lang='lat' dir='ltr'>CUM</span> <span class='ocrx_word' id='word_1_107' title='bbox 840 1599 932 1651; x_wconf 77' lang='grc' dir='ltr'>80οΑ</span> <span class='ocrx_word' id='word_1_108' title='bbox 955 1617 975 1650; x_wconf 79' lang='grc' dir='ltr'>Ι.</span> 
     </span>
     <span class='ocr_line' id='line_1_19' title="bbox 320 1658 977 1746; baseline -0.005 -28"><span class='ocrx_word' id='word_1_109' title='bbox 320 1658 727 1746; x_wconf 59' lang='lat' dir='ltr'>ammoniaco-minarum</span> <span class='ocrx_word' id='word_1_110' title='bbox 751 1666 802 1715; x_wconf 89' lang='lat' dir='ltr'>sid.</span> <span class='ocrx_word' id='word_1_111' title='bbox 827 1664 869 1714; x_wconf 82' lang='lat' dir='ltr'>Sel</span> <span class='ocrx_word' id='word_1_112' title='bbox 887 1668 977 1715; x_wconf 88' lang='lat' dir='ltr'>micro·</span> 
     </span>
     <span class='ocr_line' id='line_1_20' title="bbox 319 1749 467 1784; baseline -0.007 0"><span class='ocrx_word' id='word_1_113' title='bbox 319 1749 467 1784; x_wconf 71' lang='lat' dir='ltr'>eumaeum.</span> 
     </span>
    </p>
   </div>
   <div class='ocr_carea' id='block_1_4' title="bbox 321 1820 975 1956">
    <p class='ocr_par' dir='ltr' id='par_1_5' title="bbox 321 1820 975 1956">
     <span class='ocr_line' id='line_1_21' title="bbox 355 1820 975 1890; baseline 0 -17"><span class='ocrx_word' id='word_1_114' title='bbox 355 1824 521 1874; x_wconf 77' lang='lat' dir='ltr'>Pnosents</span> <span class='ocrx_word' id='word_1_115' title='bbox 542 1824 692 1890; x_wconf 66' lang='lat' dir='ltr'>naturate</span> <span class='ocrx_word' id='word_1_116' title='bbox 721 1820 770 1873; x_wconf 81' lang='lat' dir='ltr'>sid·</span> <span class='ocrx_word' id='word_1_117' title='bbox 798 1823 886 1888; x_wconf 75' lang='lat' dir='ltr'>Rsryta</span> <span class='ocrx_word' id='word_1_118' title='bbox 905 1823 975 1889; x_wconf 88' lang='lat' dir='ltr'>phos·</span> 
     </span>
     <span class='ocr_line' id='line_1_22' title="bbox 321 1890 562 1956; baseline -0.004 -17"><span class='ocrx_word' id='word_1_119' title='bbox 321 1890 426 1956; x_wconf 87' lang='lat' dir='ltr'>pborica</span> <span class='ocrx_word' id='word_1_120' title='bbox 440 1893 475 1953; x_wconf 91' lang='lat' dir='ltr'>(p.</span> <span class='ocrx_word' id='word_1_121' title='bbox 496 1894 562 1945; x_wconf 76' lang='lat' dir='ltr'>rats).</span> 
     </span>
    </p>
   </div>
   <div class='ocr_carea' id='block_1_5' title="bbox 355 1977 976 2029">
    <p class='ocr_par' dir='ltr' id='par_1_6' title="bbox 355 1977 976 2029">
     <span class='ocr_line' id='line_1_23' title="bbox 355 1977 976 2029; baseline 0.005 -4"><span class='ocrx_word' id='word_1_122' title='bbox 355 1978 522 2028; x_wconf 72' lang='lat' dir='ltr'>etiost’ttts</span> <span class='ocrx_word' id='word_1_123' title='bbox 540 1978 652 2026; x_wconf 75' lang='lat' dir='ltr'>caucts</span> <span class='ocrx_word' id='word_1_124' title='bbox 671 1977 835 2027; x_wconf 71' lang='lat' dir='ltr'>SlelATUS</span> <span class='ocrx_word' id='word_1_125' title='bbox 853 1979 903 2029; x_wconf 81' lang='lat' dir='ltr'>sid.</span> <span class='ocrx_word' id='word_1_126' title='bbox 919 1979 976 2029; x_wconf 75' lang='lat' dir='ltr'>rut-</span> 
     </span>
    </p>
   </div>
   <div class='ocr_carea' id='block_1_6' title="bbox 321 2042 655 2092">
    <p class='ocr_par' dir='ltr' id='par_1_7' title="bbox 321 2042 655 2092">
     <span class='ocr_line' id='line_1_24' title="bbox 321 2042 655 2092; baseline 0 0"><span class='ocrx_word' id='word_1_127' title='bbox 321 2044 358 2092; x_wconf 80' lang='lat' dir='ltr'>ris</span> <span class='ocrx_word' id='word_1_128' title='bbox 372 2042 545 2091; x_wconf 89' lang='lat' dir='ltr'>autimouialis</span> <span class='ocrx_word' id='word_1_129' title='bbox 561 2044 655 2092; x_wconf 81' lang='lat' dir='ltr'>Jacost.</span> 
     </span>
    </p>
   </div>
   <div class='ocr_carea' id='block_1_7' title="bbox 320 2109 977 3077">
    <p class='ocr_par' dir='ltr' id='par_1_8' title="bbox 321 2109 977 2279">
     <span class='ocr_line' id='line_1_25' title="bbox 354 2109 977 2216; baseline 0.005 -18"><span class='ocrx_word' id='word_1_130' title='bbox 354 2149 523 2199; x_wconf 74' lang='lat' dir='ltr'>Puoseuts</span> <span class='ocrx_word' id='word_1_131' title='bbox 534 2148 640 2198; x_wconf 81' lang='lat' dir='ltr'>ClllNll</span> <span class='ocrx_word' id='word_1_132' title='bbox 656 2147 706 2197; x_wconf 80' lang='lat' dir='ltr'>rid.</span> <span class='ocrx_word' id='word_1_133' title='bbox 719 2146 840 2197; x_wconf 75' lang='lat' dir='ltr'>chinium</span> <span class='ocrx_word' id='word_1_134' title='bbox 851 2109 977 2216; x_wconf 76' lang='lat' dir='ltr'>phospho-</span> 
     </span>
     <span class='ocr_line' id='line_1_26' title="bbox 321 2216 539 2279; baseline -0.018 -13"><span class='ocrx_word' id='word_1_135' title='bbox 321 2217 404 2267; x_wconf 85' lang='lat' dir='ltr'>ricum</span> <span class='ocrx_word' id='word_1_136' title='bbox 421 2217 457 2279; x_wconf 88' lang='lat' dir='ltr'>(p.</span> <span class='ocrx_word' id='word_1_137' title='bbox 476 2216 539 2279; x_wconf 79' lang='lat'>176).</span> 
     </span>
    </p>

    <p class='ocr_par' dir='ltr' id='par_1_9' title="bbox 322 2301 976 2436">
     <span class='ocr_line' id='line_1_27' title="bbox 354 2301 976 2371; baseline -0.003 -15"><span class='ocrx_word' id='word_1_138' title='bbox 354 2305 520 2356; x_wconf 71' lang='lat' dir='ltr'>euosettts</span> <span class='ocrx_word' id='word_1_139' title='bbox 536 2303 632 2352; x_wconf 70' lang='lat' dir='ltr'>cuent</span> <span class='ocrx_word' id='word_1_140' title='bbox 654 2301 704 2351; x_wconf 79' lang='lat' dir='ltr'>sid.</span> <span class='ocrx_word' id='word_1_141' title='bbox 720 2302 835 2366; x_wconf 86' lang='lat' dir='ltr'>Cuprum</span> <span class='ocrx_word' id='word_1_142' title='bbox 853 2303 976 2371; x_wconf 82' lang='lat' dir='ltr'>phospho-</span> 
     </span>
     <span class='ocr_line' id='line_1_28' title="bbox 322 2371 533 2436; baseline -0.024 -15"><span class='ocrx_word' id='word_1_143' title='bbox 322 2371 405 2422; x_wconf 78' lang='lat' dir='ltr'>sicum</span> <span class='ocrx_word' id='word_1_144' title='bbox 419 2377 454 2436; x_wconf 85' lang='lat' dir='ltr'>(p.</span> <span class='ocrx_word' id='word_1_145' title='bbox 467 2374 533 2430; x_wconf 78' lang='lat'>213).</span> 
     </span>
    </p>

    <p class='ocr_par' dir='ltr' id='par_1_10' title="bbox 322 2457 977 2589">
     <span class='ocr_line' id='line_1_29' title="bbox 354 2457 977 2526; baseline 0 -16"><span class='ocrx_word' id='word_1_146' title='bbox 354 2462 522 2511; x_wconf 73' lang='lat' dir='ltr'>Pnosettss</span> <span class='ocrx_word' id='word_1_147' title='bbox 539 2459 632 2507; x_wconf 71' lang='lat' dir='ltr'>ruunt</span> <span class='ocrx_word' id='word_1_148' title='bbox 654 2457 704 2506; x_wconf 84' lang='lat' dir='ltr'>sid·</span> <span class='ocrx_word' id='word_1_149' title='bbox 724 2459 830 2507; x_wconf 77' lang='lat' dir='ltr'>Ferrum</span> <span class='ocrx_word' id='word_1_150' title='bbox 851 2458 977 2526; x_wconf 83' lang='lat' dir='ltr'>phospbo&#39;</span> 
     </span>
     <span class='ocr_line' id='line_1_30' title="bbox 322 2526 539 2589; baseline -0.032 -11"><span class='ocrx_word' id='word_1_151' title='bbox 322 2526 404 2578; x_wconf 80' lang='lat' dir='ltr'>risum</span> <span class='ocrx_word' id='word_1_152' title='bbox 419 2531 454 2589; x_wconf 87' lang='lat' dir='ltr'>(p.</span> <span class='ocrx_word' id='word_1_153' title='bbox 472 2528 539 2586; x_wconf 76' lang='lat'>430).</span> 
     </span>
    </p>

    <p class='ocr_par' dir='ltr' id='par_1_11' title="bbox 321 2612 975 2747">
     <span class='ocr_line' id='line_1_31' title="bbox 361 2612 975 2679; baseline -0.002 -15"><span class='ocrx_word' id='word_1_154' title='bbox 361 2616 529 2664; x_wconf 74' lang='lat' dir='ltr'><strong>PHOSPHAS</strong></span> <span class='ocrx_word' id='word_1_155' title='bbox 555 2613 743 2662; x_wconf 65' lang='lat' dir='ltr'>macutant</span> <span class='ocrx_word' id='word_1_156' title='bbox 775 2612 825 2662; x_wconf 80' lang='lat' dir='ltr'>rid.</span> <span class='ocrx_word' id='word_1_157' title='bbox 852 2613 975 2679; x_wconf 73' lang='lat' dir='ltr'>Magnesia</span> 
     </span>
     <span class='ocr_line' id='line_1_32' title="bbox 321 2680 615 2747; baseline -0.014 -18"><span class='ocrx_word' id='word_1_158' title='bbox 321 2680 489 2747; x_wconf 85' lang='lat' dir='ltr'>phosphorica</span> <span class='ocrx_word' id='word_1_159' title='bbox 501 2687 534 2743; x_wconf 78' lang='lat' dir='ltr'>tp·</span> <span class='ocrx_word' id='word_1_160' title='bbox 548 2683 615 2743; x_wconf 82' lang='lat'>537).</span> 
     </span>
    </p>

    <p class='ocr_par' dir='ltr' id='par_1_12' title="bbox 320 2768 959 2903">
     <span class='ocr_line' id='line_1_33' title="bbox 356 2768 959 2819; baseline -0.002 -1"><span class='ocrx_word' id='word_1_161' title='bbox 356 2769 519 2819; x_wconf 76' lang='lat' dir='ltr'>Ptaoseuts</span> <span class='ocrx_word' id='word_1_162' title='bbox 546 2770 709 2819; x_wconf 75' lang='lat' dir='ltr'>rassttcutttt</span> <span class='ocrx_word' id='word_1_163' title='bbox 745 2769 794 2818; x_wconf 83' lang='lat' dir='ltr'>sid.</span> <span class='ocrx_word' id='word_1_164' title='bbox 818 2768 959 2819; x_wconf 80' lang='lat' dir='ltr'>Mercurius</span> 
     </span>
     <span class='ocr_line' id='line_1_34' title="bbox 320 2835 630 2903; baseline -0.01 -17"><span class='ocrx_word' id='word_1_165' title='bbox 320 2835 504 2903; x_wconf 86' lang='lat' dir='ltr'>phosphoricus</span> <span class='ocrx_word' id='word_1_166' title='bbox 515 2841 550 2902; x_wconf 84' lang='lat' dir='ltr'>(p.</span> <span class='ocrx_word' id='word_1_167' title='bbox 562 2837 630 2901; x_wconf 73' lang='lat'><strong>⁵⁴7)-</strong></span> 
     </span>
    </p>

    <p class='ocr_par' dir='ltr' id='par_1_13' title="bbox 321 2923 974 3077">
     <span class='ocr_line' id='line_1_35' title="bbox 354 2923 974 2975; baseline -0.005 0"><span class='ocrx_word' id='word_1_168' title='bbox 354 2926 520 2975; x_wconf 77' lang='lat' dir='ltr'>Pttosettss</span> <span class='ocrx_word' id='word_1_169' title='bbox 537 2924 699 2975; x_wconf 77' lang='lat' dir='ltr'>uttutcus</span> <span class='ocrx_word' id='word_1_170' title='bbox 714 2940 734 2973; x_wconf 90' lang='lat' dir='ltr'>s.</span> <span class='ocrx_word' id='word_1_171' title='bbox 742 2924 851 2974; x_wconf 73' lang='lat' dir='ltr'>sonte</span> <span class='ocrx_word' id='word_1_172' title='bbox 866 2923 915 2973; x_wconf 75' lang='lat' dir='ltr'>rid·</span> <span class='ocrx_word' id='word_1_173' title='bbox 926 2923 974 2973; x_wconf 83' lang='lat' dir='ltr'>Ns·</span> 
     </span>
     <span class='ocr_line' id='line_1_36' title="bbox 321 2991 735 3077; baseline -0.007 -35"><span class='ocrx_word' id='word_1_174' title='bbox 321 3004 390 3042; x_wconf 87' lang='lat' dir='ltr'>trum</span> <span class='ocrx_word' id='word_1_175' title='bbox 408 2991 604 3077; x_wconf 36' lang='lat' dir='ltr'>phospho‘ricum</span> <span class='ocrx_word' id='word_1_176' title='bbox 618 2995 653 3056; x_wconf 85' lang='lat' dir='ltr'>(p.</span> <span class='ocrx_word' id='word_1_177' title='bbox 669 2991 735 3048; x_wconf 74' lang='lat'><strong>585).</strong></span> 
     </span>
    </p>
   </div>
   <div class='ocr_carea' id='block_1_8' title="bbox 321 3095 975 3226">
    <p class='ocr_par' dir='ltr' id='par_1_14' title="bbox 321 3095 975 3226">
     <span class='ocr_line' id='line_1_37' title="bbox 321 3095 975 3158; baseline -0.011 -8"><span class='ocrx_word' id='word_1_178' title='bbox 321 3099 566 3158; x_wconf 77' lang='lat' dir='ltr'>†PHOSPHORUS</span> <span class='ocrx_word' id='word_1_179' title='bbox 583 3096 797 3146; x_wconf 75' lang='lat' dir='ltr'>Putvuttatns</span> <span class='ocrx_word' id='word_1_180' title='bbox 818 3111 837 3143; x_wconf 87' lang='lat' dir='ltr'>s.</span> <span class='ocrx_word' id='word_1_181' title='bbox 855 3095 975 3145; x_wconf 72' lang='lat' dir='ltr'>comitt-</span> 
     </span>
     <span class='ocr_line' id='line_1_38' title="bbox 391 3157 903 3226; baseline -0.004 -12"><span class='ocrx_word' id='word_1_182' title='bbox 391 3167 507 3215; x_wconf 76' lang='lat' dir='ltr'><strong>NUTUS.</strong></span> <span class='ocrx_word' id='word_1_183' title='bbox 540 3161 714 3217; x_wconf 73' lang='lat' dir='ltr'>uenturum</span> <span class='ocrx_word' id='word_1_184' title='bbox 730 3157 903 3226; x_wconf 60' lang='lat' dir='ltr'>biotanatus.</span> 
     </span>
    </p>
   </div>
   <div class='ocr_carea' id='block_1_9' title="bbox 319 3243 974 3840">
    <p class='ocr_par' dir='ltr' id='par_1_15' title="bbox 319 3243 974 3840">
     <span class='ocr_line' id='line_1_39' title="bbox 354 3243 973 3312; baseline -0.016 -13"><span class='ocrx_word' id='word_1_185' title='bbox 354 3251 411 3299; x_wconf 77' lang='lat' dir='ltr'>ileo.</span> <span class='ocrx_word' id='word_1_186' title='bbox 429 3246 568 3312; x_wconf 76' lang='lat' dir='ltr'>Phosphori</span> <span class='ocrx_word' id='word_1_187' title='bbox 586 3265 611 3311; x_wconf 83' lang='lat' dir='ltr'>q.</span> <span class='ocrx_word' id='word_1_188' title='bbox 631 3264 671 3308; x_wconf 85' lang='lat' dir='ltr'>s.,</span> <span class='ocrx_word' id='word_1_189' title='bbox 692 3245 804 3294; x_wconf 83' lang='lat' dir='ltr'>immitte</span> <span class='ocrx_word' id='word_1_190' title='bbox 826 3243 853 3290; x_wconf 86' lang='lat' dir='ltr'>in</span> <span class='ocrx_word' id='word_1_191' title='bbox 870 3243 973 3299; x_wconf 81' lang='lat' dir='ltr'>vitrum,</span> 
     </span>
     <span class='ocr_line' id='line_1_40' title="bbox 321 3309 973 3376; baseline -0.014 -14"><span class='ocrx_word' id='word_1_192' title='bbox 321 3312 420 3363; x_wconf 71' lang='lat' dir='ltr'>affunde</span> <span class='ocrx_word' id='word_1_193' title='bbox 433 3317 479 3376; x_wconf 79' lang='lat' dir='ltr'>Aq.</span> <span class='ocrx_word' id='word_1_194' title='bbox 497 3313 636 3362; x_wconf 85' lang='lat' dir='ltr'>destillstse</span> <span class='ocrx_word' id='word_1_195' title='bbox 650 3331 674 3376; x_wconf 80' lang='lat' dir='ltr'>q.</span> <span class='ocrx_word' id='word_1_196' title='bbox 686 3329 721 3371; x_wconf 90' lang='lat' dir='ltr'>s.,</span> <span class='ocrx_word' id='word_1_197' title='bbox 737 3322 766 3358; x_wconf 90' lang='lat' dir='ltr'>ut</span> <span class='ocrx_word' id='word_1_198' title='bbox 778 3309 838 3357; x_wconf 79' lang='lat' dir='ltr'>vitri</span> <span class='ocrx_word' id='word_1_199' title='bbox 852 3309 973 3371; x_wconf 85' lang='lat' dir='ltr'>quadran·</span> 
     </span>
     <span class='ocr_line' id='line_1_41' title="bbox 321 3374 973 3442; baseline -0.017 -13"><span class='ocrx_word' id='word_1_200' title='bbox 321 3392 357 3429; x_wconf 87' lang='lat' dir='ltr'>tes</span> <span class='ocrx_word' id='word_1_201' title='bbox 369 3394 417 3429; x_wconf 87' lang='lat' dir='ltr'>tres</span> <span class='ocrx_word' id='word_1_202' title='bbox 432 3379 582 3442; x_wconf 88' lang='lat' dir='ltr'>repleantur.</span> <span class='ocrx_word' id='word_1_203' title='bbox 602 3380 704 3427; x_wconf 85' lang='lat' dir='ltr'>Vitrum</span> <span class='ocrx_word' id='word_1_204' title='bbox 721 3377 748 3425; x_wconf 89' lang='lat' dir='ltr'>iu</span> <span class='ocrx_word' id='word_1_205' title='bbox 761 3392 852 3438; x_wconf 86' lang='lat' dir='ltr'>aquarn</span> <span class='ocrx_word' id='word_1_206' title='bbox 865 3374 973 3421; x_wconf 82' lang='lat' dir='ltr'>calidam</span> 
     </span>
     <span class='ocr_line' id='line_1_42' title="bbox 321 3438 974 3556; baseline -0.017 -62"><span class='ocrx_word' id='word_1_207' title='bbox 321 3446 540 3556; x_wconf 70' lang='lat' dir='ltr'>impona,ddouec</span> <span class='ocrx_word' id='word_1_208' title='bbox 564 3444 726 3556; x_wconf 58' lang='grc' dir='ltr'>Ρὴοιρὶιὲᾞ</span> <span class='ocrx_word' id='word_1_209' title='bbox 753 3439 863 3554; x_wconf 55' lang='lat' dir='ltr'>leiguaippa</span> <span class='ocrx_word' id='word_1_210' title='bbox 887 3438 974 3553; x_wconf 57' lang='grc' dir='ltr'>ῐὲιξὲιέἐ</span> 
     </span>
     <span class='ocr_line' id='line_1_43' title="bbox 322 3522 974 3640; baseline -0.008 -16"><span class='ocrx_word' id='word_1_211' title='bbox 322 3522 387 3640; x_wconf 54' lang='grc' dir='ltr'>ζξῒι</span> <span class='ocrx_word' id='word_1_212' title='bbox 399 3524 736 3640; x_wconf 44' lang='grc' dir='ltr'>εἰςὲεῗιιεῑξέῗῗὴᾮὴὲτω</span> <span class='ocrx_word' id='word_1_213' title='bbox 748 3522 909 3619; x_wconf 63' lang='lat' dir='ltr'>aolidelaitus</span> <span class='ocrx_word' id='word_1_214' title='bbox 927 3571 974 3619; x_wconf 85' lang='lat' dir='ltr'>lua·</span> 
     </span>
     <span class='ocr_line' id='line_1_44' title="bbox 323 3637 974 3703; baseline -0.006 -13"><span class='ocrx_word' id='word_1_215' title='bbox 323 3641 366 3690; x_wconf 79' lang='lat' dir='ltr'>rit</span> <span class='ocrx_word' id='word_1_216' title='bbox 399 3643 549 3703; x_wconf 81' lang='lat' dir='ltr'>Extempurs</span> <span class='ocrx_word' id='word_1_217' title='bbox 569 3650 727 3703; x_wconf 87' lang='lat' dir='ltr'>praeparetur</span> <span class='ocrx_word' id='word_1_218' title='bbox 747 3637 846 3702; x_wconf 86' lang='lat' dir='ltr'>quaudo</span> <span class='ocrx_word' id='word_1_219' title='bbox 861 3653 891 3684; x_wconf 85' lang='lat' dir='ltr'>eo</span> <span class='ocrx_word' id='word_1_220' title='bbox 911 3653 974 3700; x_wconf 88' lang='lat' dir='ltr'>opus</span> 
     </span>
     <span class='ocr_line' id='line_1_45' title="bbox 322 3701 971 3771; baseline -0.009 -14"><span class='ocrx_word' id='word_1_221' title='bbox 322 3718 360 3757; x_wconf 91' lang='lat' dir='ltr'>est</span> <span class='ocrx_word' id='word_1_222' title='bbox 379 3706 410 3755; x_wconf 86' lang='lat' dir='ltr'>ad</span> <span class='ocrx_word' id='word_1_223' title='bbox 428 3706 520 3755; x_wconf 87' lang='lat' dir='ltr'>Oleum</span> <span class='ocrx_word' id='word_1_224' title='bbox 544 3702 743 3771; x_wconf 87' lang='lat' dir='ltr'>phospharstum</span> <span class='ocrx_word' id='word_1_225' title='bbox 766 3702 804 3752; x_wconf 87' lang='lat' dir='ltr'>rsl</span> <span class='ocrx_word' id='word_1_226' title='bbox 829 3701 971 3768; x_wconf 85' lang='lat' dir='ltr'>Naphtbsm</span> 
     </span>
     <span class='ocr_line' id='line_1_46' title="bbox 319 3771 523 3840; baseline -0.005 -19"><span class='ocrx_word' id='word_1_227' title='bbox 319 3771 523 3840; x_wconf 81' lang='lat' dir='ltr'>pharphar-atsur.</span> 
     </span>
    </p>
   </div>
   <div class='ocr_carea' id='block_1_10' title="bbox 354 3875 971 3942">
    <p class='ocr_par' dir='ltr' id='par_1_16' title="bbox 354 3875 971 3942">
     <span class='ocr_line' id='line_1_47' title="bbox 354 3875 971 3942; baseline 0 -16"><span class='ocrx_word' id='word_1_228' title='bbox 354 3878 614 3928; x_wconf 74' lang='lat' dir='ltr'>etcttoroxtttttnt</span> <span class='ocrx_word' id='word_1_229' title='bbox 625 3877 676 3927; x_wconf 79' lang='lat' dir='ltr'>vit.</span> <span class='ocrx_word' id='word_1_230' title='bbox 686 3875 852 3928; x_wconf 63' lang='lat' dir='ltr'>&amp;conlisum</span> <span class='ocrx_word' id='word_1_231' title='bbox 859 3879 895 3942; x_wconf 88' lang='lat' dir='ltr'>(p.</span> <span class='ocrx_word' id='word_1_232' title='bbox 906 3877 971 3937; x_wconf 77' lang='lat' dir='ltr'>tbi).</span> 
     </span>
    </p>
   </div>
   <div class='ocr_carea' id='block_1_11' title="bbox 319 4008 1001 4912">
    <p class='ocr_par' dir='ltr' id='par_1_17' title="bbox 319 4008 1001 4912">
     <span class='ocr_line' id='line_1_48' title="bbox 363 4008 837 4086; baseline -0.002 -15"><span class='ocrx_word' id='word_1_233' title='bbox 363 4010 558 4086; x_wconf 74' lang='lat' dir='ltr'>PILULAE,</span> <span class='ocrx_word' id='word_1_234' title='bbox 579 4008 697 4086; x_wconf 63' lang='lat' dir='ltr'>pillau,</span> <span class='ocrx_word' id='word_1_235' title='bbox 717 4012 837 4072; x_wconf 80' lang='lat' dir='ltr'>Pitmes.</span> 
     </span>
     <span class='ocr_line' id='line_1_49' title="bbox 321 4089 971 4165; baseline -0.003 -12"><span class='ocrx_word' id='word_1_236' title='bbox 321 4092 541 4153; x_wconf 74' lang='lat' dir='ltr'>Medicamenta</span> <span class='ocrx_word' id='word_1_237' title='bbox 556 4091 651 4152; x_wconf 89' lang='lat' dir='ltr'>solida</span> <span class='ocrx_word' id='word_1_238' title='bbox 665 4089 712 4152; x_wconf 81' lang='lat' dir='ltr'>vel</span> <span class='ocrx_word' id='word_1_239' title='bbox 722 4090 873 4152; x_wconf 90' lang='lat' dir='ltr'>subsolida</span> <span class='ocrx_word' id='word_1_240' title='bbox 892 4101 971 4165; x_wconf 85' lang='lat' dir='ltr'>sunt,</span> 
     </span>
     <span class='ocr_line' id='line_1_50' title="bbox 322 4172 972 4255; baseline -0.005 -19"><span class='ocrx_word' id='word_1_241' title='bbox 322 4191 359 4236; x_wconf 82' lang='lat' dir='ltr'>ex</span> <span class='ocrx_word' id='word_1_242' title='bbox 370 4193 465 4235; x_wconf 86' lang='lat' dir='ltr'>massa</span> <span class='ocrx_word' id='word_1_243' title='bbox 477 4173 549 4233; x_wconf 86' lang='lat' dir='ltr'>satis</span> <span class='ocrx_word' id='word_1_244' title='bbox 560 4173 660 4234; x_wconf 85' lang='lat' dir='ltr'>tenaci</span> <span class='ocrx_word' id='word_1_245' title='bbox 670 4182 704 4232; x_wconf 91' lang='lat' dir='ltr'>ut</span> <span class='ocrx_word' id='word_1_246' title='bbox 713 4172 743 4232; x_wconf 91' lang='lat' dir='ltr'>in</span> <span class='ocrx_word' id='word_1_247' title='bbox 753 4172 896 4255; x_wconf 77' lang='lat' dir='ltr'>globulos</span> <span class='ocrx_word' id='word_1_248' title='bbox 904 4193 972 4254; x_wconf 85' lang='lat' dir='ltr'>par·</span> 
     </span>
     <span class='ocr_line' id='line_1_51' title="bbox 321 4254 968 4353; baseline -0.017 -35"><span class='ocrx_word' id='word_1_249' title='bbox 321 4275 377 4319; x_wconf 83' lang='lat' dir='ltr'>ros</span> <span class='ocrx_word' id='word_1_250' title='bbox 389 4255 512 4351; x_wconf 76' lang='lat' dir='ltr'>formari</span> <span class='ocrx_word' id='word_1_251' title='bbox 525 4256 629 4337; x_wconf 76' lang='lat' dir='ltr'>possit</span> <span class='ocrx_word' id='word_1_252' title='bbox 682 4256 801 4353; x_wconf 80' lang='lat' dir='ltr'>Nomen</span> <span class='ocrx_word' id='word_1_253' title='bbox 818 4254 968 4315; x_wconf 82' lang='lat' dir='ltr'>diminuti.</span> 
     </span>
     <span class='ocr_line' id='line_1_52' title="bbox 321 4335 972 4501; baseline -0.008 -22"><span class='ocrx_word' id='word_1_254' title='bbox 321 4340 499 4496; x_wconf 67' lang='lat' dir='ltr'>&#39;tritt</span> <span class='ocrx_word' id='word_1_255' title='bbox 507 4335 857 4501; x_wconf 62' lang='lat' dir='ltr'>nutricatur</span> <span class='ocrx_word' id='word_1_256' title='bbox 874 4347 972 4499; x_wconf 65' lang='lat' dir='ltr'>:tt</span> 
     </span>
     <span class='ocr_line' id='line_1_53' title="bbox 319 4440 971 4586; baseline -0.011 -18"><span class='ocrx_word' id='word_1_257' title='bbox 319 4440 414 4580; x_wconf 61' lang='lat' dir='ltr'>ficet,</span> <span class='ocrx_word' id='word_1_258' title='bbox 433 4505 501 4586; x_wconf 83' lang='lat' dir='ltr'>quia</span> <span class='ocrx_word' id='word_1_259' title='bbox 519 4501 714 4585; x_wconf 84' lang='lat' dir='ltr'>globulorum</span> <span class='ocrx_word' id='word_1_260' title='bbox 739 4501 868 4561; x_wconf 81' lang='lat' dir='ltr'>sormam</span> <span class='ocrx_word' id='word_1_261' title='bbox 888 4520 971 4561; x_wconf 89' lang='lat' dir='ltr'>sem·</span> 
     </span>
     <span class='ocr_line' id='line_1_54' title="bbox 319 4582 1001 4667; baseline -0.007 -20"><span class='ocrx_word' id='word_1_262' title='bbox 319 4605 375 4667; x_wconf 89' lang='lat' dir='ltr'>per</span> <span class='ocrx_word' id='word_1_263' title='bbox 393 4584 515 4646; x_wconf 88' lang='lat' dir='ltr'>habent.</span> <span class='ocrx_word' id='word_1_264' title='bbox 568 4585 735 4646; x_wconf 87' lang='lat' dir='ltr'>Pilularum</span> <span class='ocrx_word' id='word_1_265' title='bbox 756 4583 864 4643; x_wconf 81' lang='lat' dir='ltr'>mixtio</span> <span class='ocrx_word' id='word_1_266' title='bbox 887 4582 971 4642; x_wconf 81' lang='lat' dir='ltr'>varis</span> <span class='ocrx_word' id='word_1_267' title='bbox 1000 4603 1001 4606; x_wconf 45' lang='lat'>¹</span> 
     </span>
     <span class='ocr_line' id='line_1_55' title="bbox 319 4665 970 4747; baseline -0.008 -18"><span class='ocrx_word' id='word_1_268' title='bbox 319 4679 384 4747; x_wconf 87' lang='lat' dir='ltr'>est,</span> <span class='ocrx_word' id='word_1_269' title='bbox 404 4679 438 4728; x_wconf 90' lang='lat' dir='ltr'>ut</span> <span class='ocrx_word' id='word_1_270' title='bbox 458 4678 559 4729; x_wconf 90' lang='lat' dir='ltr'>totum</span> <span class='ocrx_word' id='word_1_271' title='bbox 578 4669 624 4727; x_wconf 87' lang='lat' dir='ltr'>rai</span> <span class='ocrx_word' id='word_1_272' title='bbox 640 4666 778 4728; x_wconf 83' lang='lat' dir='ltr'>medicae</span> <span class='ocrx_word' id='word_1_273' title='bbox 794 4665 970 4725; x_wconf 88' lang='lat' dir='ltr'>thesaurum</span> 
     </span>
     <span class='ocr_line' id='line_1_56' title="bbox 320 4747 971 4831; baseline -0.005 -22"><span class='ocrx_word' id='word_1_274' title='bbox 320 4750 552 4831; x_wconf 87' lang='lat' dir='ltr'>amplectantur.</span> <span class='ocrx_word' id='word_1_275' title='bbox 585 4750 689 4809; x_wconf 86' lang='lat' dir='ltr'>Insunt</span> <span class='ocrx_word' id='word_1_276' title='bbox 706 4749 885 4830; x_wconf 79' lang='lat' dir='ltr'>plerumque</span> <span class='ocrx_word' id='word_1_277' title='bbox 904 4747 971 4826; x_wconf 85' lang='lat' dir='ltr'>pnl-</span> 
     </span>
     <span class='ocr_line' id='line_1_57' title="bbox 319 4831 972 4912; baseline -0.005 -16"><span class='ocrx_word' id='word_1_278' title='bbox 319 4851 427 4910; x_wconf 81' lang='lat' dir='ltr'>reres,</span> <span class='ocrx_word' id='word_1_279' title='bbox 449 4841 601 4906; x_wconf 76' lang='lat' dir='ltr'>exuacta,</span> <span class='ocrx_word' id='word_1_280' title='bbox 616 4831 744 4912; x_wconf 86' lang='lat' dir='ltr'>pulpae,</span> <span class='ocrx_word' id='word_1_281' title='bbox 758 4832 890 4910; x_wconf 86' lang='lat' dir='ltr'>resinae,</span> <span class='ocrx_word' id='word_1_282' title='bbox 910 4831 972 4893; x_wconf 89' lang='lat' dir='ltr'>bul·</span> 
     </span>
    </p>
   </div>
   <div class='ocr_carea' id='block_1_12' title="bbox 1025 510 1692 2051">
    <p class='ocr_par' dir='ltr' id='par_1_18' title="bbox 1025 510 1692 2051">
     <span class='ocr_line' id='line_1_58' title="bbox 1027 510 1686 594; baseline 0.005 -24"><span class='ocrx_word' id='word_1_283' title='bbox 1027 513 1114 583; x_wconf 87' lang='lat' dir='ltr'>sami,</span> <span class='ocrx_word' id='word_1_284' title='bbox 1137 510 1252 594; x_wconf 81' lang='lat' dir='ltr'>gummi</span> <span class='ocrx_word' id='word_1_285' title='bbox 1266 512 1402 586; x_wconf 86' lang='lat' dir='ltr'>retinas,</span> <span class='ocrx_word' id='word_1_286' title='bbox 1423 513 1572 572; x_wconf 84' lang='lat' dir='ltr'>materiae</span> <span class='ocrx_word' id='word_1_287' title='bbox 1584 510 1686 573; x_wconf 67' lang='lat' dir='ltr'>mine</span> 
     </span>
     <span class='ocr_line' id='line_1_59' title="bbox 1027 591 1691 676; baseline 0.008 -26"><span class='ocrx_word' id='word_1_288' title='bbox 1027 591 1124 669; x_wconf 89' lang='lat' dir='ltr'>rales,</span> <span class='ocrx_word' id='word_1_289' title='bbox 1145 593 1205 654; x_wconf 78' lang='lat' dir='ltr'>cel.</span> <span class='ocrx_word' id='word_1_290' title='bbox 1255 593 1333 655; x_wconf 85' lang='lat' dir='ltr'>Sunt</span> <span class='ocrx_word' id='word_1_291' title='bbox 1354 595 1405 676; x_wconf 90' lang='lat' dir='ltr'>qui</span> <span class='ocrx_word' id='word_1_292' title='bbox 1420 613 1476 676; x_wconf 91' lang='lat' dir='ltr'>per</span> <span class='ocrx_word' id='word_1_293' title='bbox 1493 614 1526 653; x_wconf 87' lang='lat' dir='ltr'>se</span> <span class='ocrx_word' id='word_1_294' title='bbox 1549 595 1580 653; x_wconf 94' lang='lat' dir='ltr'>in</span> <span class='ocrx_word' id='word_1_295' title='bbox 1602 595 1691 675; x_wconf 91' lang='lat' dir='ltr'>pilu·</span> 
     </span>
     <span class='ocr_line' id='line_1_60' title="bbox 1027 674 1692 758; baseline 0.003 -24"><span class='ocrx_word' id='word_1_296' title='bbox 1027 674 1121 734; x_wconf 86' lang='lat' dir='ltr'>larum</span> <span class='ocrx_word' id='word_1_297' title='bbox 1148 674 1278 736; x_wconf 80' lang='lat' dir='ltr'>formam</span> <span class='ocrx_word' id='word_1_298' title='bbox 1314 675 1414 758; x_wconf 77' lang='lat' dir='ltr'>redigi</span> <span class='ocrx_word' id='word_1_299' title='bbox 1443 687 1586 755; x_wconf 78' lang='lat' dir='ltr'>possunt,</span> <span class='ocrx_word' id='word_1_300' title='bbox 1632 676 1692 736; x_wconf 89' lang='lat' dir='ltr'>alii</span> 
     </span>
     <span class='ocr_line' id='line_1_61' title="bbox 1027 755 1691 820; baseline 0.005 -6"><span class='ocrx_word' id='word_1_301' title='bbox 1027 755 1117 817; x_wconf 89' lang='lat' dir='ltr'>nimis</span> <span class='ocrx_word' id='word_1_302' title='bbox 1131 756 1207 818; x_wconf 87' lang='lat' dir='ltr'>dura</span> <span class='ocrx_word' id='word_1_303' title='bbox 1228 758 1274 819; x_wconf 84' lang='lat' dir='ltr'>rel</span> <span class='ocrx_word' id='word_1_304' title='bbox 1291 757 1378 816; x_wconf 87' lang='lat' dir='ltr'>nimis</span> <span class='ocrx_word' id='word_1_305' title='bbox 1392 757 1493 818; x_wconf 87' lang='lat' dir='ltr'>mollia</span> <span class='ocrx_word' id='word_1_306' title='bbox 1507 770 1585 820; x_wconf 67' lang='lat' dir='ltr'>sunt„</span> <span class='ocrx_word' id='word_1_307' title='bbox 1608 759 1691 818; x_wconf 90' lang='lat' dir='ltr'>Pul·</span> 
     </span>
     <span class='ocr_line' id='line_1_62' title="bbox 1028 840 1691 924; baseline 0 -26"><span class='ocrx_word' id='word_1_308' title='bbox 1028 858 1117 899; x_wconf 85' lang='lat' dir='ltr'>veres</span> <span class='ocrx_word' id='word_1_309' title='bbox 1135 840 1316 924; x_wconf 88' lang='lat' dir='ltr'>plerumque</span> <span class='ocrx_word' id='word_1_310' title='bbox 1326 842 1471 899; x_wconf 81' lang='lat' dir='ltr'>extractis</span> <span class='ocrx_word' id='word_1_311' title='bbox 1484 841 1691 923; x_wconf 78' lang='lat' dir='ltr'>subiguntur,</span> 
     </span>
     <span class='ocr_line' id='line_1_63' title="bbox 1026 920 1691 1001; baseline 0.008 -23"><span class='ocrx_word' id='word_1_312' title='bbox 1026 920 1162 1001; x_wconf 82' lang='lat' dir='ltr'>Sapones</span> <span class='ocrx_word' id='word_1_313' title='bbox 1184 923 1271 1000; x_wconf 89' lang='lat' dir='ltr'>nleo;</span> <span class='ocrx_word' id='word_1_314' title='bbox 1292 921 1369 981; x_wconf 85' lang='lat' dir='ltr'>alian</span> <span class='ocrx_word' id='word_1_315' title='bbox 1384 921 1546 1001; x_wconf 87' lang='lat' dir='ltr'>pilularum</span> <span class='ocrx_word' id='word_1_316' title='bbox 1563 942 1691 983; x_wconf 85' lang='lat' dir='ltr'>massae</span> 
     </span>
     <span class='ocr_line' id='line_1_64' title="bbox 1026 1001 1688 1084; baseline 0.002 -21"><span class='ocrx_word' id='word_1_317' title='bbox 1026 1003 1161 1082; x_wconf 79' lang='lat' dir='ltr'>Syrupo,</span> <span class='ocrx_word' id='word_1_318' title='bbox 1182 1001 1361 1083; x_wconf 81' lang='lat' dir='ltr'>Oxymelle,</span> <span class='ocrx_word' id='word_1_319' title='bbox 1383 1004 1566 1084; x_wconf 79' lang='lat' dir='ltr'>Mucilagine</span> <span class='ocrx_word' id='word_1_320' title='bbox 1593 1002 1688 1065; x_wconf 89' lang='lat' dir='ltr'>fiunt.</span> 
     </span>
     <span class='ocr_line' id='line_1_65' title="bbox 1028 1084 1683 1167; baseline 0.006 -24"><span class='ocrx_word' id='word_1_321' title='bbox 1028 1086 1259 1166; x_wconf 80' lang='lat' dir='ltr'>Mucilaginosae</span> <span class='ocrx_word' id='word_1_322' title='bbox 1276 1084 1402 1146; x_wconf 86' lang='lat' dir='ltr'>nimium</span> <span class='ocrx_word' id='word_1_323' title='bbox 1424 1087 1572 1166; x_wconf 86' lang='lat' dir='ltr'>temporis</span> <span class='ocrx_word' id='word_1_324' title='bbox 1589 1088 1683 1167; x_wconf 89' lang='lat' dir='ltr'>lapsu</span> 
     </span>
     <span class='ocr_line' id='line_1_66' title="bbox 1026 1166 1688 1249; baseline 0.009 -25"><span class='ocrx_word' id='word_1_325' title='bbox 1026 1166 1241 1242; x_wconf 87' lang='lat' dir='ltr'>indurescunt,</span> <span class='ocrx_word' id='word_1_326' title='bbox 1271 1178 1301 1228; x_wconf 90' lang='lat' dir='ltr'>et</span> <span class='ocrx_word' id='word_1_327' title='bbox 1319 1169 1428 1249; x_wconf 77' lang='lat' dir='ltr'>pilulae</span> <span class='ocrx_word' id='word_1_328' title='bbox 1445 1170 1615 1229; x_wconf 83' lang='lat' dir='ltr'>exsiccatae</span> <span class='ocrx_word' id='word_1_329' title='bbox 1633 1169 1688 1230; x_wconf 85' lang='lat' dir='ltr'>sel</span> 
     </span>
     <span class='ocr_line' id='line_1_67' title="bbox 1027 1249 1690 1332; baseline 0.006 -25"><span class='ocrx_word' id='word_1_330' title='bbox 1027 1249 1177 1330; x_wconf 80' lang='lat' dir='ltr'>indigesta</span> <span class='ocrx_word' id='word_1_331' title='bbox 1205 1270 1262 1332; x_wconf 87' lang='lat' dir='ltr'>per</span> <span class='ocrx_word' id='word_1_332' title='bbox 1286 1250 1428 1311; x_wconf 86' lang='lat' dir='ltr'>intestina</span> <span class='ocrx_word' id='word_1_333' title='bbox 1454 1253 1690 1330; x_wconf 77' lang='lat' dir='ltr'>transmigrant,</span> 
     </span>
     <span class='ocr_line' id='line_1_68' title="bbox 1028 1330 1687 1412; baseline 0.008 -24"><span class='ocrx_word' id='word_1_334' title='bbox 1028 1331 1076 1390; x_wconf 85' lang='lat' dir='ltr'>sal</span> <span class='ocrx_word' id='word_1_335' title='bbox 1099 1330 1197 1408; x_wconf 83' lang='lat' dir='ltr'>major</span> <span class='ocrx_word' id='word_1_336' title='bbox 1216 1331 1307 1412; x_wconf 90' lang='lat' dir='ltr'>copia</span> <span class='ocrx_word' id='word_1_337' title='bbox 1332 1332 1421 1392; x_wconf 88' lang='lat' dir='ltr'>simul</span> <span class='ocrx_word' id='word_1_338' title='bbox 1443 1331 1623 1393; x_wconf 80' lang='lat' dir='ltr'>dissolvitur</span> <span class='ocrx_word' id='word_1_339' title='bbox 1650 1334 1687 1393; x_wconf 93' lang='lat' dir='ltr'>iu</span> 
     </span>
     <span class='ocr_line' id='line_1_69' title="bbox 1025 1412 1687 1494; baseline 0.003 -23"><span class='ocrx_word' id='word_1_340' title='bbox 1025 1412 1187 1473; x_wconf 77' lang='lat' dir='ltr'>stomacho</span> <span class='ocrx_word' id='word_1_341' title='bbox 1211 1424 1244 1474; x_wconf 93' lang='lat' dir='ltr'>et</span> <span class='ocrx_word' id='word_1_342' title='bbox 1265 1433 1372 1493; x_wconf 81' lang='lat' dir='ltr'>gnaros</span> <span class='ocrx_word' id='word_1_343' title='bbox 1391 1433 1477 1474; x_wconf 88' lang='lat' dir='ltr'>casus</span> <span class='ocrx_word' id='word_1_344' title='bbox 1491 1412 1607 1475; x_wconf 81' lang='lat' dir='ltr'>afferre</span> <span class='ocrx_word' id='word_1_345' title='bbox 1626 1434 1687 1494; x_wconf 90' lang='lat' dir='ltr'>po.</span> 
     </span>
     <span class='ocr_line' id='line_1_70' title="bbox 1026 1493 1687 1576; baseline 0.005 -23"><span class='ocrx_word' id='word_1_346' title='bbox 1026 1504 1096 1555; x_wconf 85' lang='lat' dir='ltr'>teat.</span> <span class='ocrx_word' id='word_1_347' title='bbox 1127 1494 1293 1556; x_wconf 84' lang='lat' dir='ltr'>Pilularum</span> <span class='ocrx_word' id='word_1_348' title='bbox 1313 1493 1513 1576; x_wconf 88' lang='lat' dir='ltr'>parandarum</span> <span class='ocrx_word' id='word_1_349' title='bbox 1527 1493 1596 1556; x_wconf 83' lang='lat' dir='ltr'>finis</span> <span class='ocrx_word' id='word_1_350' title='bbox 1614 1497 1687 1556; x_wconf 88' lang='lat' dir='ltr'>ubi·</span> 
     </span>
     <span class='ocr_line' id='line_1_71' title="bbox 1026 1577 1686 1658; baseline 0.009 -24"><span class='ocrx_word' id='word_1_351' title='bbox 1026 1596 1086 1658; x_wconf 90' lang='lat' dir='ltr'>que</span> <span class='ocrx_word' id='word_1_352' title='bbox 1118 1585 1183 1652; x_wconf 80' lang='lat' dir='ltr'>est,</span> <span class='ocrx_word' id='word_1_353' title='bbox 1201 1577 1423 1639; x_wconf 87' lang='lat' dir='ltr'>medicamenta</span> <span class='ocrx_word' id='word_1_354' title='bbox 1451 1597 1597 1639; x_wconf 86' lang='lat' dir='ltr'>nauseosa</span> <span class='ocrx_word' id='word_1_355' title='bbox 1634 1578 1686 1641; x_wconf 82' lang='lat' dir='ltr'>rel</span> 
     </span>
     <span class='ocr_line' id='line_1_72' title="bbox 1026 1657 1684 1741; baseline 0.006 -24"><span class='ocrx_word' id='word_1_356' title='bbox 1026 1657 1126 1737; x_wconf 82' lang='lat' dir='ltr'>gravia</span> <span class='ocrx_word' id='word_1_357' title='bbox 1143 1679 1204 1719; x_wconf 92' lang='lat' dir='ltr'>uno</span> <span class='ocrx_word' id='word_1_358' title='bbox 1218 1657 1329 1720; x_wconf 84' lang='lat' dir='ltr'>haustu</span> <span class='ocrx_word' id='word_1_359' title='bbox 1344 1659 1374 1719; x_wconf 91' lang='lat' dir='ltr'>in</span> <span class='ocrx_word' id='word_1_360' title='bbox 1389 1659 1578 1721; x_wconf 89' lang='lat' dir='ltr'>stomachum</span> <span class='ocrx_word' id='word_1_361' title='bbox 1593 1660 1684 1741; x_wconf 78' lang='lat' dir='ltr'>inge·</span> 
     </span>
     <span class='ocr_line' id='line_1_73' title="bbox 1025 1740 1684 1803; baseline 0.008 -5"><span class='ocrx_word' id='word_1_362' title='bbox 1025 1759 1104 1803; x_wconf 84' lang='lat' dir='ltr'>rere.</span> <span class='ocrx_word' id='word_1_363' title='bbox 1140 1743 1206 1803; x_wconf 87' lang='lat' dir='ltr'>Hac</span> <span class='ocrx_word' id='word_1_364' title='bbox 1222 1741 1262 1802; x_wconf 93' lang='lat' dir='ltr'>de</span> <span class='ocrx_word' id='word_1_365' title='bbox 1278 1761 1368 1802; x_wconf 90' lang='lat' dir='ltr'>causa</span> <span class='ocrx_word' id='word_1_366' title='bbox 1382 1761 1420 1801; x_wconf 84' lang='lat' dir='ltr'>ex</span> <span class='ocrx_word' id='word_1_367' title='bbox 1434 1740 1592 1803; x_wconf 87' lang='lat' dir='ltr'>cochleari</span> <span class='ocrx_word' id='word_1_368' title='bbox 1609 1764 1684 1803; x_wconf 89' lang='lat' dir='ltr'>cum</span> 
     </span>
     <span class='ocr_line' id='line_1_74' title="bbox 1025 1822 1683 1903; baseline 0.008 -23"><span class='ocrx_word' id='word_1_369' title='bbox 1025 1842 1121 1903; x_wconf 84' lang='lat' dir='ltr'>aquae</span> <span class='ocrx_word' id='word_1_370' title='bbox 1148 1824 1281 1901; x_wconf 88' lang='lat' dir='ltr'>pauxillo</span> <span class='ocrx_word' id='word_1_371' title='bbox 1303 1823 1365 1884; x_wconf 89' lang='lat' dir='ltr'>cito</span> <span class='ocrx_word' id='word_1_372' title='bbox 1384 1822 1605 1899; x_wconf 77' lang='lat' dir='ltr'>absorbentur,</span> <span class='ocrx_word' id='word_1_373' title='bbox 1634 1827 1683 1886; x_wconf 86' lang='lat' dir='ltr'>sel</span> 
     </span>
     <span class='ocr_line' id='line_1_75' title="bbox 1025 1905 1684 1985; baseline 0.005 -22"><span class='ocrx_word' id='word_1_374' title='bbox 1025 1905 1131 1964; x_wconf 88' lang='lat' dir='ltr'>charta</span> <span class='ocrx_word' id='word_1_375' title='bbox 1145 1905 1296 1966; x_wconf 74' lang='lat' dir='ltr'>lirinacea</span> <span class='ocrx_word' id='word_1_376' title='bbox 1308 1905 1430 1985; x_wconf 54' lang='lat' dir='ltr'>tholilt)</span> <span class='ocrx_word' id='word_1_377' title='bbox 1446 1905 1620 1970; x_wconf 76' lang='lat' dir='ltr'>madet&#39;scta</span> <span class='ocrx_word' id='word_1_378' title='bbox 1638 1907 1684 1967; x_wconf 90' lang='lat' dir='ltr'>in·</span> 
     </span>
     <span class='ocr_line' id='line_1_76' title="bbox 1028 1988 1370 2051; baseline 0.018 -6"><span class='ocrx_word' id='word_1_379' title='bbox 1028 1988 1151 2046; x_wconf 80' lang='lat' dir='ltr'>solutae</span> <span class='ocrx_word' id='word_1_380' title='bbox 1176 1988 1370 2051; x_wconf 80' lang='lat' dir='ltr'>devorantur.</span> 
     </span>
    </p>
   </div>
   <div class='ocr_carea' id='block_1_13' title="bbox 1023 2076 1688 3258">
    <p class='ocr_par' dir='ltr' id='par_1_19' title="bbox 1023 2076 1688 3258">
     <span class='ocr_line' id='line_1_77' title="bbox 1048 2076 1682 2151; baseline 0.006 -22"><span class='ocrx_word' id='word_1_381' title='bbox 1048 2076 1154 2130; x_wconf 87' lang='lat' dir='ltr'>Pilulae</span> <span class='ocrx_word' id='word_1_382' title='bbox 1186 2077 1333 2150; x_wconf 76' lang='lat' dir='ltr'>lorumque</span> <span class='ocrx_word' id='word_1_383' title='bbox 1342 2076 1374 2129; x_wconf 89' lang='lat' dir='ltr'>ad</span> <span class='ocrx_word' id='word_1_384' title='bbox 1385 2079 1455 2133; x_wconf 88' lang='lat' dir='ltr'>hanc</span> <span class='ocrx_word' id='word_1_385' title='bbox 1463 2076 1623 2132; x_wconf 84' lang='lat' dir='ltr'>methodum</span> <span class='ocrx_word' id='word_1_386' title='bbox 1635 2096 1682 2151; x_wconf 88' lang='lat' dir='ltr'>pa·</span> 
     </span>
     <span class='ocr_line' id='line_1_78' title="bbox 1025 2095 1682 2218; baseline 0.006 -23"><span class='ocrx_word' id='word_1_387' title='bbox 1025 2154 1140 2196; x_wconf 82' lang='lat' dir='ltr'>rantur:</span> <span class='ocrx_word' id='word_1_388' title='bbox 1166 2095 1302 2197; x_wconf 60' lang='lat' dir='ltr'>intrares</span> <span class='ocrx_word' id='word_1_389' title='bbox 1314 2146 1463 2218; x_wconf 87' lang='lat' dir='ltr'>praescipti</span> <span class='ocrx_word' id='word_1_390' title='bbox 1481 2145 1600 2215; x_wconf 89' lang='lat' dir='ltr'>primum</span> <span class='ocrx_word' id='word_1_391' title='bbox 1621 2145 1682 2199; x_wconf 85' lang='lat' dir='ltr'>mis·</span> 
     </span>
     <span class='ocr_line' id='line_1_79' title="bbox 1025 2207 1681 2284; baseline 0.009 -24"><span class='ocrx_word' id='word_1_392' title='bbox 1025 2219 1156 2277; x_wconf 68' lang='lat' dir='ltr'>ceantur,</span> <span class='ocrx_word' id='word_1_393' title='bbox 1176 2207 1272 2262; x_wconf 86' lang='lat' dir='ltr'>horum</span> <span class='ocrx_word' id='word_1_394' title='bbox 1288 2210 1304 2262; x_wconf 91' lang='lat' dir='ltr'>ii</span> <span class='ocrx_word' id='word_1_395' title='bbox 1318 2220 1396 2264; x_wconf 86' lang='lat' dir='ltr'>antea</span> <span class='ocrx_word' id='word_1_396' title='bbox 1411 2221 1606 2276; x_wconf 85' lang='lat' dir='ltr'>conterantur,</span> <span class='ocrx_word' id='word_1_397' title='bbox 1632 2212 1681 2284; x_wconf 88' lang='lat' dir='ltr'>qui</span> 
     </span>
     <span class='ocr_line' id='line_1_80' title="bbox 1025 2274 1682 2358; baseline 0.011 -32"><span class='ocrx_word' id='word_1_398' title='bbox 1025 2276 1158 2353; x_wconf 69' lang='lat' dir='ltr'>temporis</span> <span class='ocrx_word' id='word_1_399' title='bbox 1175 2274 1255 2353; x_wconf 83' lang='lat' dir='ltr'>lapsu</span> <span class='ocrx_word' id='word_1_400' title='bbox 1273 2275 1353 2328; x_wconf 84' lang='lat' dir='ltr'>facile</span> <span class='ocrx_word' id='word_1_401' title='bbox 1368 2276 1586 2358; x_wconf 63' lang='lat' dir='ltr'>conglobantur,</span> <span class='ocrx_word' id='word_1_402' title='bbox 1612 2278 1682 2333; x_wconf 83' lang='lat' dir='ltr'>sicut</span> 
     </span>
     <span class='ocr_line' id='line_1_81' title="bbox 1025 2340 1688 2406; baseline 0.005 -12"><span class='ocrx_word' id='word_1_403' title='bbox 1025 2340 1292 2406; x_wconf 75' lang='lat' dir='ltr'>Gummi-Resinaa,</span> <span class='ocrx_word' id='word_1_404' title='bbox 1315 2345 1357 2395; x_wconf 85' lang='lat' dir='ltr'>val</span> <span class='ocrx_word' id='word_1_405' title='bbox 1399 2363 1423 2396; x_wconf 82' lang='lat' dir='ltr'>ur</span> <span class='ocrx_word' id='word_1_406' title='bbox 1442 2344 1469 2396; x_wconf 94' lang='lat' dir='ltr'>in</span> <span class='ocrx_word' id='word_1_407' title='bbox 1487 2341 1615 2397; x_wconf 80' lang='lat' dir='ltr'>frustulis</span> <span class='ocrx_word' id='word_1_408' title='bbox 1632 2345 1688 2406; x_wconf 71' lang='lat' dir='ltr'>ob-,</span> 
     </span>
     <span class='ocr_line' id='line_1_82' title="bbox 1025 2405 1681 2525; baseline 0.009 -68"><span class='ocrx_word' id='word_1_409' title='bbox 1025 2405 1150 2524; x_wconf 54' lang='lat' dir='ltr'>pauitant,</span> <span class='ocrx_word' id='word_1_410' title='bbox 1175 2407 1245 2525; x_wconf 61' lang='lat' dir='ltr'>sicult</span> <span class='ocrx_word' id='word_1_411' title='bbox 1262 2407 1363 2489; x_wconf 52' lang='lat' dir='ltr'>{lesina</span> <span class='ocrx_word' id='word_1_412' title='bbox 1406 2411 1536 2480; x_wconf 88' lang='lat' dir='ltr'>alappae,</span> <span class='ocrx_word' id='word_1_413' title='bbox 1567 2410 1637 2464; x_wconf 68' lang='lat' dir='ltr'>Aloe</span> <span class='ocrx_word' id='word_1_414' title='bbox 1652 2420 1681 2463; x_wconf 87' lang='lat' dir='ltr'>ct</span> 
     </span>
     <span class='ocr_line' id='line_1_83' title="bbox 1025 2475 1680 2619; baseline 0.006 -28"><span class='ocrx_word' id='word_1_415' title='bbox 1025 2476 1320 2617; x_wconf 49' lang='lat' dir='ltr'>scitissiitiffitcindidm</span> <span class='ocrx_word' id='word_1_416' title='bbox 1344 2475 1680 2619; x_wconf 45' lang='lat' dir='ltr'>Rideritidrddiituls&#39;io&#39;uec·</span> 
     </span>
     <span class='ocr_line' id='line_1_84' title="bbox 1024 2603 1676 2673; baseline 0.006 -17"><span class='ocrx_word' id='word_1_417' title='bbox 1024 2604 1198 2673; x_wconf 77' lang='lat' dir='ltr'>subigantur.</span> <span class='ocrx_word' id='word_1_418' title='bbox 1239 2603 1269 2658; x_wconf 87' lang='lat' dir='ltr'>St</span> <span class='ocrx_word' id='word_1_419' title='bbox 1294 2614 1410 2660; x_wconf 77' lang='lat' dir='ltr'>attracta</span> <span class='ocrx_word' id='word_1_420' title='bbox 1437 2622 1515 2672; x_wconf 86' lang='lat' dir='ltr'>copta</span> <span class='ocrx_word' id='word_1_421' title='bbox 1539 2606 1676 2661; x_wconf 81' lang='lat' dir='ltr'>sullirreus</span> 
     </span>
     <span class='ocr_line' id='line_1_85' title="bbox 1025 2669 1679 2743; baseline 0.008 -23"><span class='ocrx_word' id='word_1_422' title='bbox 1025 2669 1234 2740; x_wconf 80' lang='lat' dir='ltr'>praescribitur,</span> <span class='ocrx_word' id='word_1_423' title='bbox 1245 2670 1312 2722; x_wconf 86' lang='lat' dir='ltr'>haec</span> <span class='ocrx_word' id='word_1_424' title='bbox 1323 2682 1401 2725; x_wconf 89' lang='lat' dir='ltr'>caute</span> <span class='ocrx_word' id='word_1_425' title='bbox 1416 2669 1532 2725; x_wconf 81' lang='lat' dir='ltr'>addatur</span> <span class='ocrx_word' id='word_1_426' title='bbox 1546 2682 1574 2726; x_wconf 88' lang='lat' dir='ltr'>ot</span> <span class='ocrx_word' id='word_1_427' title='bbox 1584 2683 1679 2743; x_wconf 87' lang='lat' dir='ltr'>postea</span> 
     </span>
     <span class='ocr_line' id='line_1_86' title="bbox 1024 2735 1675 2820; baseline 0.008 -33"><span class='ocrx_word' id='word_1_428' title='bbox 1024 2751 1057 2787; x_wconf 85' lang='lat' dir='ltr'>er</span> <span class='ocrx_word' id='word_1_429' title='bbox 1071 2751 1174 2788; x_wconf 84' lang='lat' dir='ltr'>massae</span> <span class='ocrx_word' id='word_1_430' title='bbox 1185 2736 1332 2803; x_wconf 78' lang='lat' dir='ltr'>pilularum</span> <span class='ocrx_word' id='word_1_431' title='bbox 1348 2735 1471 2807; x_wconf 90' lang='lat' dir='ltr'>pondere</span> <span class='ocrx_word' id='word_1_432' title='bbox 1489 2736 1675 2820; x_wconf 69' lang='lat' dir='ltr'>dipnoseatur,</span> 
     </span>
     <span class='ocr_line' id='line_1_87' title="bbox 1024 2800 1679 2918; baseline 0.008 -65"><span class='ocrx_word' id='word_1_433' title='bbox 1024 2800 1047 2853; x_wconf 87' lang='lat' dir='ltr'>si</span> <span class='ocrx_word' id='word_1_434' title='bbox 1066 2802 1262 2918; x_wconf 56' lang='lat' dir='ltr'>tepolextracti</span> <span class='ocrx_word' id='word_1_435' title='bbox 1280 2812 1355 2879; x_wconf 72' lang='lat' dir='ltr'>certa</span> <span class='ocrx_word' id='word_1_436' title='bbox 1369 2803 1446 2887; x_wconf 77' lang='lat' dir='ltr'>copia</span> <span class='ocrx_word' id='word_1_437' title='bbox 1464 2802 1590 2870; x_wconf 81' lang='lat' dir='ltr'>additur,</span> <span class='ocrx_word' id='word_1_438' title='bbox 1613 2821 1679 2885; x_wconf 66' lang='lat' dir='ltr'>mas·</span> 
     </span>
     <span class='ocr_line' id='line_1_88' title="bbox 1024 2869 1677 3014; baseline 0.006 -28"><span class='ocrx_word' id='word_1_439' title='bbox 1024 2869 1677 3014; x_wconf 55' lang='lat' dir='ltr'>{hillidii&#39;diiriidi&#39;l‘iihi&#39;da‘i&#39;il</span> 
     </span>
     <span class='ocr_line' id='line_1_89' title="bbox 1023 2999 1674 3072; baseline 0.003 -20"><span class='ocrx_word' id='word_1_440' title='bbox 1023 3000 1172 3052; x_wconf 74' lang='lat' dir='ltr'>Gentianae</span> <span class='ocrx_word' id='word_1_441' title='bbox 1197 3010 1384 3069; x_wconf 76' lang='lat' dir='ltr'>conspissatus·</span> <span class='ocrx_word' id='word_1_442' title='bbox 1410 3010 1437 3053; x_wconf 88' lang='lat' dir='ltr'>et</span> <span class='ocrx_word' id='word_1_443' title='bbox 1459 3001 1510 3053; x_wconf 90' lang='lat' dir='ltr'>rite</span> <span class='ocrx_word' id='word_1_444' title='bbox 1538 2999 1674 3072; x_wconf 79' lang='lat' dir='ltr'>dopsatur.</span> 
     </span>
     <span class='ocr_line' id='line_1_90' title="bbox 1025 3061 1676 3137; baseline 0.008 -21"><span class='ocrx_word' id='word_1_445' title='bbox 1025 3061 1067 3116; x_wconf 79' lang='lat' dir='ltr'>td</span> <span class='ocrx_word' id='word_1_446' title='bbox 1083 3079 1183 3117; x_wconf 82' lang='lat' dir='ltr'>massas</span> <span class='ocrx_word' id='word_1_447' title='bbox 1195 3064 1419 3119; x_wconf 85' lang='lat' dir='ltr'>solidefaciendas</span> <span class='ocrx_word' id='word_1_448' title='bbox 1431 3066 1560 3137; x_wconf 87' lang='lat' dir='ltr'>pulveres</span> <span class='ocrx_word' id='word_1_449' title='bbox 1571 3086 1676 3121; x_wconf 84' lang='lat' dir='ltr'>suman·</span> 
     </span>
     <span class='ocr_line' id='line_1_91' title="bbox 1023 3131 1677 3208; baseline 0.003 -25"><span class='ocrx_word' id='word_1_450' title='bbox 1023 3138 1086 3208; x_wconf 82' lang='lat' dir='ltr'>tur,</span> <span class='ocrx_word' id='word_1_451' title='bbox 1102 3146 1223 3200; x_wconf 83' lang='lat' dir='ltr'>quorum</span> <span class='ocrx_word' id='word_1_452' title='bbox 1240 3141 1363 3185; x_wconf 78' lang='lat' dir='ltr'>extracta</span> <span class='ocrx_word' id='word_1_453' title='bbox 1383 3131 1408 3184; x_wconf 88' lang='lat' dir='ltr'>iu</span> <span class='ocrx_word' id='word_1_454' title='bbox 1421 3131 1479 3202; x_wconf 86' lang='lat' dir='ltr'>ipsa</span> <span class='ocrx_word' id='word_1_455' title='bbox 1491 3133 1610 3186; x_wconf 85' lang='lat' dir='ltr'>formula</span> <span class='ocrx_word' id='word_1_456' title='bbox 1629 3135 1677 3187; x_wconf 91' lang='lat' dir='ltr'>ob·</span> 
     </span>
     <span class='ocr_line' id='line_1_92' title="bbox 1025 3193 1677 3258; baseline 0.009 -11"><span class='ocrx_word' id='word_1_457' title='bbox 1025 3205 1151 3258; x_wconf 86' lang='lat' dir='ltr'>romunt,</span> <span class='ocrx_word' id='word_1_458' title='bbox 1176 3194 1300 3249; x_wconf 89' lang='lat' dir='ltr'>indubio</span> <span class='ocrx_word' id='word_1_459' title='bbox 1315 3193 1380 3250; x_wconf 87' lang='lat' dir='ltr'>Rad.</span> <span class='ocrx_word' id='word_1_460' title='bbox 1395 3197 1527 3251; x_wconf 78' lang='lat' dir='ltr'>Althaeae</span> <span class='ocrx_word' id='word_1_461' title='bbox 1545 3200 1616 3252; x_wconf 84' lang='lat' dir='ltr'>sices</span> <span class='ocrx_word' id='word_1_462' title='bbox 1631 3201 1677 3253; x_wconf 86' lang='lat' dir='ltr'>im·</span> 
     </span>
    </p>
   </div>
   <div class='ocr_carea' id='block_1_14' title="bbox 1023 3261 1676 3400">
    <p class='ocr_par' dir='ltr' id='par_1_20' title="bbox 1023 3261 1676 3400">
     <span class='ocr_line' id='line_1_93' title="bbox 1023 3261 1676 3381; baseline 0.011 -69"><span class='ocrx_word' id='word_1_463' title='bbox 1023 3261 1106 3381; x_wconf 57' lang='lat' dir='ltr'>im·</span> <span class='ocrx_word' id='word_1_464' title='bbox 1123 3261 1254 3315; x_wconf 85' lang='lat' dir='ltr'>Materiae</span> <span class='ocrx_word' id='word_1_465' title='bbox 1267 3264 1405 3316; x_wconf 84' lang='lat' dir='ltr'>resinosaa</span> <span class='ocrx_word' id='word_1_466' title='bbox 1419 3263 1553 3340; x_wconf 71' lang='lat' dir='ltr'>quaedam</span> <span class='ocrx_word' id='word_1_467' title='bbox 1572 3264 1615 3317; x_wconf 85' lang='lat' dir='ltr'>rel</span> <span class='ocrx_word' id='word_1_468' title='bbox 1633 3282 1676 3318; x_wconf 84' lang='lat' dir='ltr'>aa·</span> 
     </span>
     <span class='ocr_line' id='line_1_94' title="bbox 1035 3327 1676 3400; baseline 0.006 -20"><span class='ocrx_word' id='word_1_469' title='bbox 1035 3344 1084 3380; x_wconf 87' lang='lat' dir='ltr'>ora</span> <span class='ocrx_word' id='word_1_470' title='bbox 1099 3344 1159 3397; x_wconf 90' lang='lat' dir='ltr'>tpso</span> <span class='ocrx_word' id='word_1_471' title='bbox 1176 3327 1220 3380; x_wconf 84' lang='lat' dir='ltr'>rel</span> <span class='ocrx_word' id='word_1_472' title='bbox 1237 3329 1350 3400; x_wconf 74' lang='lat' dir='ltr'>guttulis</span> <span class='ocrx_word' id='word_1_473' title='bbox 1368 3327 1490 3400; x_wconf 76' lang='lat' dir='ltr'>Spiritus</span> <span class='ocrx_word' id='word_1_474' title='bbox 1509 3330 1573 3383; x_wconf 89' lang='lat' dir='ltr'>Vini</span> <span class='ocrx_word' id='word_1_475' title='bbox 1595 3331 1676 3384; x_wconf 89' lang='lat' dir='ltr'>emol-</span> 
     </span>
    </p>
   </div>
   <div class='ocr_carea' id='block_1_15' title="bbox 1020 3393 1757 4849">
    <p class='ocr_par' dir='ltr' id='par_1_21' title="bbox 1020 3393 1757 4849">
     <span class='ocr_line' id='line_1_95' title="bbox 1023 3393 1757 3465; baseline 0.007 -18"><span class='ocrx_word' id='word_1_476' title='bbox 1023 3394 1139 3447; x_wconf 84' lang='lat' dir='ltr'>lescunt.</span> <span class='ocrx_word' id='word_1_477' title='bbox 1171 3395 1249 3448; x_wconf 79' lang='lat' dir='ltr'>iusta</span> <span class='ocrx_word' id='word_1_478' title='bbox 1263 3409 1367 3449; x_wconf 83' lang='lat' dir='ltr'>massae</span> <span class='ocrx_word' id='word_1_479' title='bbox 1381 3393 1528 3465; x_wconf 77' lang='lat' dir='ltr'>spissitudo</span> <span class='ocrx_word' id='word_1_480' title='bbox 1547 3393 1637 3462; x_wconf 83' lang='lat' dir='ltr'>adest,</span> <span class='ocrx_word' id='word_1_481' title='bbox 1652 3398 1675 3451; x_wconf 90' lang='lat' dir='ltr'>si</span> <span class='ocrx_word' id='word_1_482' title='bbox 1756 3409 1757 3452; x_wconf 78' lang='lat'>3</span> 
     </span>
     <span class='ocr_line' id='line_1_96' title="bbox 1023 3456 1673 3534; baseline 0.008 -23"><span class='ocrx_word' id='word_1_483' title='bbox 1023 3457 1112 3512; x_wconf 75' lang='lat' dir='ltr'>fundo</span> <span class='ocrx_word' id='word_1_484' title='bbox 1137 3456 1308 3531; x_wconf 80' lang='lat' dir='ltr'>adglutinara</span> <span class='ocrx_word' id='word_1_485' title='bbox 1333 3458 1443 3526; x_wconf 80' lang='lat' dir='ltr'>desinit,</span> <span class='ocrx_word' id='word_1_486' title='bbox 1469 3459 1558 3532; x_wconf 82' lang='lat' dir='ltr'>digitis</span> <span class='ocrx_word' id='word_1_487' title='bbox 1577 3479 1673 3534; x_wconf 90' lang='lat' dir='ltr'>parum</span> 
     </span>
     <span class='ocr_line' id='line_1_97' title="bbox 1022 3523 1673 3601; baseline 0.009 -26"><span class='ocrx_word' id='word_1_488' title='bbox 1022 3523 1153 3578; x_wconf 87' lang='lat' dir='ltr'>adhaeret</span> <span class='ocrx_word' id='word_1_489' title='bbox 1179 3526 1253 3579; x_wconf 90' lang='lat' dir='ltr'>etin</span> <span class='ocrx_word' id='word_1_490' title='bbox 1277 3525 1375 3596; x_wconf 86' lang='lat' dir='ltr'>pilulas</span> <span class='ocrx_word' id='word_1_491' title='bbox 1399 3525 1517 3579; x_wconf 80' lang='lat' dir='ltr'>formata</span> <span class='ocrx_word' id='word_1_492' title='bbox 1541 3544 1597 3581; x_wconf 91' lang='lat' dir='ltr'>non</span> <span class='ocrx_word' id='word_1_493' title='bbox 1616 3532 1673 3601; x_wconf 84' lang='lat' dir='ltr'>ipso</span> 
     </span>
     <span class='ocr_line' id='line_1_98' title="bbox 1023 3588 1671 3664; baseline 0.008 -22"><span class='ocrx_word' id='word_1_494' title='bbox 1023 3588 1147 3661; x_wconf 81' lang='lat' dir='ltr'>ppndere</span> <span class='ocrx_word' id='word_1_495' title='bbox 1160 3590 1348 3662; x_wconf 80' lang='lat' dir='ltr'>comprimitur</span> <span class='ocrx_word' id='word_1_496' title='bbox 1361 3601 1389 3645; x_wconf 86' lang='lat' dir='ltr'>et</span> <span class='ocrx_word' id='word_1_497' title='bbox 1402 3592 1429 3645; x_wconf 87' lang='lat' dir='ltr'>in</span> <span class='ocrx_word' id='word_1_498' title='bbox 1444 3592 1582 3664; x_wconf 83' lang='lat' dir='ltr'>pastillum</span> <span class='ocrx_word' id='word_1_499' title='bbox 1596 3594 1671 3647; x_wconf 89' lang='lat' dir='ltr'>redu-</span> 
     </span>
     <span class='ocr_line' id='line_1_99' title="bbox 1023 3656 1671 3729; baseline 0.008 -21"><span class='ocrx_word' id='word_1_500' title='bbox 1023 3656 1101 3709; x_wconf 84' lang='lat' dir='ltr'>citur.</span> <span class='ocrx_word' id='word_1_501' title='bbox 1136 3658 1288 3711; x_wconf 86' lang='lat' dir='ltr'>Mortariua</span> <span class='ocrx_word' id='word_1_502' title='bbox 1310 3657 1418 3729; x_wconf 87' lang='lat' dir='ltr'>plorum</span> <span class='ocrx_word' id='word_1_503' title='bbox 1445 3674 1480 3711; x_wconf 88' lang='lat' dir='ltr'>ue</span> <span class='ocrx_word' id='word_1_504' title='bbox 1497 3659 1617 3713; x_wconf 85' lang='lat' dir='ltr'>aheneus</span> <span class='ocrx_word' id='word_1_505' title='bbox 1634 3660 1671 3712; x_wconf 86' lang='lat' dir='ltr'>rel</span> 
     </span>
     <span class='ocr_line' id='line_1_100' title="bbox 1021 3675 1672 3800; baseline 0.011 -27"><span class='ocrx_word' id='word_1_506' title='bbox 1021 3720 1131 3800; x_wconf 70' lang='lat' dir='ltr'>ferreus</span> <span class='ocrx_word' id='word_1_507' title='bbox 1148 3732 1201 3789; x_wconf 85' lang='lat' dir='ltr'>cst,</span> <span class='ocrx_word' id='word_1_508' title='bbox 1225 3723 1248 3776; x_wconf 91' lang='lat' dir='ltr'>si</span> <span class='ocrx_word' id='word_1_509' title='bbox 1264 3724 1330 3778; x_wconf 87' lang='lat' dir='ltr'>ralia</span> <span class='ocrx_word' id='word_1_510' title='bbox 1347 3675 1481 3778; x_wconf 70' lang='lat' dir='ltr'>metaliica</span> <span class='ocrx_word' id='word_1_511' title='bbox 1503 3734 1531 3778; x_wconf 90' lang='lat' dir='ltr'>et</span> <span class='ocrx_word' id='word_1_512' title='bbox 1545 3724 1620 3779; x_wconf 90' lang='lat' dir='ltr'>acida</span> <span class='ocrx_word' id='word_1_513' title='bbox 1639 3724 1672 3798; x_wconf 89' lang='lat' dir='ltr'>pi-</span> 
     </span>
     <span class='ocr_line' id='line_1_101' title="bbox 1022 3786 1756 3871; baseline 0.007 -32"><span class='ocrx_word' id='word_1_514' title='bbox 1022 3786 1085 3841; x_wconf 83' lang='lat' dir='ltr'>luha</span> <span class='ocrx_word' id='word_1_515' title='bbox 1101 3787 1207 3852; x_wconf 85' lang='lat' dir='ltr'>insunt,</span> <span class='ocrx_word' id='word_1_516' title='bbox 1225 3787 1365 3871; x_wconf 87' lang='lat' dir='ltr'>lapideus,</span> <span class='ocrx_word' id='word_1_517' title='bbox 1385 3808 1436 3857; x_wconf 90' lang='lat' dir='ltr'>pro</span> <span class='ocrx_word' id='word_1_518' title='bbox 1453 3790 1595 3843; x_wconf 80' lang='lat' dir='ltr'>Mercurio</span> <span class='ocrx_word' id='word_1_519' title='bbox 1615 3792 1671 3844; x_wconf 84' lang='lat' dir='ltr'>rino</span> <span class='ocrx_word' id='word_1_520' title='bbox 1755 3799 1756 3802; x_wconf 78' lang='grc'>’</span> 
     </span>
     <span class='ocr_line' id='line_1_102' title="bbox 1021 3853 1674 3927; baseline 0.008 -23"><span class='ocrx_word' id='word_1_521' title='bbox 1021 3853 1130 3907; x_wconf 81' lang='lat' dir='ltr'>ferreus</span> <span class='ocrx_word' id='word_1_522' title='bbox 1146 3855 1189 3907; x_wconf 81' lang='lat' dir='ltr'>vel</span> <span class='ocrx_word' id='word_1_523' title='bbox 1201 3853 1326 3927; x_wconf 82' lang='lat' dir='ltr'>lapideus</span> <span class='ocrx_word' id='word_1_524' title='bbox 1367 3855 1520 3909; x_wconf 82' lang='lat' dir='ltr'>Pilularum</span> <span class='ocrx_word' id='word_1_525' title='bbox 1540 3856 1568 3909; x_wconf 90' lang='lat' dir='ltr'>iu</span> <span class='ocrx_word' id='word_1_526' title='bbox 1580 3857 1674 3910; x_wconf 88' lang='lat' dir='ltr'>machi·</span> 
     </span>
     <span class='ocr_line' id='line_1_103' title="bbox 1022 3919 1673 4002; baseline 0.009 -32"><span class='ocrx_word' id='word_1_527' title='bbox 1022 3936 1056 3971; x_wconf 86' lang='lat' dir='ltr'>aa</span> <span class='ocrx_word' id='word_1_528' title='bbox 1077 3919 1221 4001; x_wconf 71' lang='lat' dir='ltr'>fabricatio</span> <span class='ocrx_word' id='word_1_529' title='bbox 1240 3921 1408 4002; x_wconf 74' lang='lat' dir='ltr'>institutione</span> <span class='ocrx_word' id='word_1_530' title='bbox 1433 3921 1554 3992; x_wconf 87' lang='lat' dir='ltr'>practica</span> <span class='ocrx_word' id='word_1_531' title='bbox 1581 3924 1673 4002; x_wconf 78' lang='lat' dir='ltr'>melius</span> 
     </span>
     <span class='ocr_line' id='line_1_104' title="bbox 1021 3986 1755 4131; baseline 0.008 -28"><span class='ocrx_word' id='word_1_532' title='bbox 1021 3986 1673 4131; x_wconf 63' lang='lat' dir='ltr'>tlt?llllttl¹ttlltatt5⁸ttstttltt</span> <span class='ocrx_word' id='word_1_533' title='bbox 1754 4083 1755 4122; x_wconf 17' lang='grc' dir='ltr'>ἦ</span> 
     </span>
     <span class='ocr_line' id='line_1_105' title="bbox 1020 4118 1674 4192; baseline 0.008 -24"><span class='ocrx_word' id='word_1_534' title='bbox 1020 4118 1195 4170; x_wconf 75' lang='lat' dir='ltr'>cohaereant</span> <span class='ocrx_word' id='word_1_535' title='bbox 1209 4118 1265 4171; x_wconf 83' lang='lat' dir='ltr'>Nun</span> <span class='ocrx_word' id='word_1_536' title='bbox 1275 4119 1366 4191; x_wconf 88' lang='lat' dir='ltr'>pulris</span> <span class='ocrx_word' id='word_1_537' title='bbox 1381 4120 1591 4190; x_wconf 86' lang='lat' dir='ltr'>conspersorius</span> <span class='ocrx_word' id='word_1_538' title='bbox 1599 4135 1674 4192; x_wconf 86' lang='lat' dir='ltr'>prae-</span> 
     </span>
     <span class='ocr_line' id='line_1_106' title="bbox 1020 4182 1670 4256; baseline 0.008 -21"><span class='ocrx_word' id='word_1_539' title='bbox 1020 4183 1139 4251; x_wconf 83' lang='lat' dir='ltr'>scriptus</span> <span class='ocrx_word' id='word_1_540' title='bbox 1178 4182 1275 4250; x_wconf 83' lang='lat' dir='ltr'>luerit,</span> <span class='ocrx_word' id='word_1_541' title='bbox 1309 4184 1497 4256; x_wconf 80' lang='lat' dir='ltr'>Lycopndium</span> <span class='ocrx_word' id='word_1_542' title='bbox 1535 4196 1670 4254; x_wconf 81' lang='lat' dir='ltr'>sumatur;</span> 
     </span>
     <span class='ocr_line' id='line_1_107' title="bbox 1020 4246 1754 4322; baseline 0.011 -23"><span class='ocrx_word' id='word_1_543' title='bbox 1020 4258 1164 4320; x_wconf 85' lang='lat' dir='ltr'>praeterea</span> <span class='ocrx_word' id='word_1_544' title='bbox 1179 4250 1272 4304; x_wconf 82' lang='lat' dir='ltr'>Pulvis</span> <span class='ocrx_word' id='word_1_545' title='bbox 1289 4250 1355 4306; x_wconf 80' lang='lat' dir='ltr'>ttnt.</span> <span class='ocrx_word' id='word_1_546' title='bbox 1370 4250 1530 4322; x_wconf 85' lang='lat' dir='ltr'>Liquiritias</span> <span class='ocrx_word' id='word_1_547' title='bbox 1546 4263 1574 4306; x_wconf 84' lang='lat' dir='ltr'>nt</span> <span class='ocrx_word' id='word_1_548' title='bbox 1591 4246 1673 4320; x_wconf 83' lang='lat' dir='ltr'>ireos,</span> <span class='ocrx_word' id='word_1_549' title='bbox 1753 4281 1754 4284; x_wconf 35' lang='lat'>¹</span> 
     </span>
     <span class='ocr_line' id='line_1_108' title="bbox 1021 4313 1672 4384; baseline 0.006 -16"><span class='ocrx_word' id='word_1_550' title='bbox 1021 4313 1166 4383; x_wconf 78' lang='lat' dir='ltr'>Amylum,</span> <span class='ocrx_word' id='word_1_551' title='bbox 1180 4316 1399 4384; x_wconf 71' lang='lat' dir='ltr'>cinnamomum,</span> <span class='ocrx_word' id='word_1_552' title='bbox 1417 4328 1469 4374; x_wconf 83' lang='lat' dir='ltr'>cet.</span> <span class='ocrx_word' id='word_1_553' title='bbox 1486 4315 1593 4372; x_wconf 84' lang='lat' dir='ltr'>Pilulae</span> <span class='ocrx_word' id='word_1_554' title='bbox 1606 4334 1672 4372; x_wconf 84' lang='lat' dir='ltr'>auro</span> 
     </span>
     <span class='ocr_line' id='line_1_109' title="bbox 1022 4379 1672 4457; baseline 0.009 -25"><span class='ocrx_word' id='word_1_555' title='bbox 1022 4379 1064 4432; x_wconf 84' lang='lat' dir='ltr'>vel</span> <span class='ocrx_word' id='word_1_556' title='bbox 1078 4391 1193 4451; x_wconf 78' lang='lat' dir='ltr'>argento</span> <span class='ocrx_word' id='word_1_557' title='bbox 1209 4379 1391 4436; x_wconf 88' lang='lat' dir='ltr'>obducuntur</span> <span class='ocrx_word' id='word_1_558' title='bbox 1418 4382 1446 4435; x_wconf 92' lang='lat' dir='ltr'>iu</span> <span class='ocrx_word' id='word_1_559' title='bbox 1465 4401 1482 4455; x_wconf 92' lang='lat' dir='ltr'>p</span> <span class='ocrx_word' id='word_1_560' title='bbox 1502 4382 1563 4437; x_wconf 82' lang='lat' dir='ltr'>aida</span> <span class='ocrx_word' id='word_1_561' title='bbox 1586 4383 1672 4457; x_wconf 76' lang='lat' dir='ltr'>lignea</span> 
     </span>
     <span class='ocr_line' id='line_1_110' title="bbox 1021 4402 1671 4523; baseline 0.008 -25"><span class='ocrx_word' id='word_1_562' title='bbox 1021 4446 1156 4523; x_wconf 74' lang='lat' dir='ltr'>operculo</span> <span class='ocrx_word' id='word_1_563' title='bbox 1170 4447 1286 4516; x_wconf 78' lang='lat' dir='ltr'>munita3</span> <span class='ocrx_word' id='word_1_564' title='bbox 1304 4464 1338 4500; x_wconf 85' lang='lat' dir='ltr'>nc</span> <span class='ocrx_word' id='word_1_565' title='bbox 1353 4449 1429 4503; x_wconf 89' lang='lat' dir='ltr'>nimis</span> <span class='ocrx_word' id='word_1_566' title='bbox 1444 4402 1541 4503; x_wconf 66' lang='lat' dir='ltr'>moiles</span> <span class='ocrx_word' id='word_1_567' title='bbox 1561 4449 1603 4502; x_wconf 87' lang='lat' dir='ltr'>sel</span> <span class='ocrx_word' id='word_1_568' title='bbox 1625 4448 1671 4503; x_wconf 90' lang='lat' dir='ltr'>du·</span> 
     </span>
     <span class='ocr_line' id='line_1_111' title="bbox 1021 4511 1670 4580; baseline 0.008 -15"><span class='ocrx_word' id='word_1_569' title='bbox 1021 4527 1069 4565; x_wconf 85' lang='lat' dir='ltr'>rae</span> <span class='ocrx_word' id='word_1_570' title='bbox 1085 4521 1139 4564; x_wconf 76' lang='lat' dir='ltr'>sant</span> <span class='ocrx_word' id='word_1_571' title='bbox 1157 4511 1229 4566; x_wconf 88' lang='lat' dir='ltr'>hunc</span> <span class='ocrx_word' id='word_1_572' title='bbox 1247 4514 1274 4566; x_wconf 90' lang='lat' dir='ltr'>in</span> <span class='ocrx_word' id='word_1_573' title='bbox 1291 4517 1382 4571; x_wconf 86' lang='lat' dir='ltr'>tinem.</span> <span class='ocrx_word' id='word_1_574' title='bbox 1421 4515 1464 4568; x_wconf 85' lang='lat' dir='ltr'>Eo</span> <span class='ocrx_word' id='word_1_575' title='bbox 1483 4516 1553 4569; x_wconf 87' lang='lat' dir='ltr'>enim</span> <span class='ocrx_word' id='word_1_576' title='bbox 1573 4516 1618 4580; x_wconf 81' lang='lat' dir='ltr'>dt,</span> <span class='ocrx_word' id='word_1_577' title='bbox 1639 4525 1670 4571; x_wconf 84' lang='lat' dir='ltr'>ut</span> 
     </span>
     <span class='ocr_line' id='line_1_112' title="bbox 1021 4575 1753 4653; baseline 0.007 -22"><span class='ocrx_word' id='word_1_578' title='bbox 1021 4576 1082 4631; x_wconf 84' lang='lat' dir='ltr'>auri</span> <span class='ocrx_word' id='word_1_579' title='bbox 1109 4575 1218 4631; x_wconf 87' lang='lat' dir='ltr'>nimium</span> <span class='ocrx_word' id='word_1_580' title='bbox 1243 4578 1392 4646; x_wconf 87' lang='lat' dir='ltr'>imbibant,</span> <span class='ocrx_word' id='word_1_581' title='bbox 1420 4596 1471 4634; x_wconf 89' lang='lat' dir='ltr'>uec</span> <span class='ocrx_word' id='word_1_582' title='bbox 1496 4578 1670 4653; x_wconf 86' lang='lat' dir='ltr'>splendorem</span> <span class='ocrx_word' id='word_1_583' title='bbox 1752 4649 1753 4652; x_wconf 7' lang='grc' dir='ltr'><strong>Ἴ</strong></span> 
     </span>
     <span class='ocr_line' id='line_1_113' title="bbox 1021 4641 1753 4708; baseline 0.004 -10"><span class='ocrx_word' id='word_1_584' title='bbox 1021 4641 1148 4708; x_wconf 84' lang='lat' dir='ltr'>induant,</span> <span class='ocrx_word' id='word_1_585' title='bbox 1181 4646 1225 4699; x_wconf 88' lang='lat' dir='ltr'>sel</span> <span class='ocrx_word' id='word_1_586' title='bbox 1244 4656 1275 4700; x_wconf 89' lang='lat' dir='ltr'>ut</span> <span class='ocrx_word' id='word_1_587' title='bbox 1295 4646 1435 4700; x_wconf 83' lang='lat' dir='ltr'>metallum</span> <span class='ocrx_word' id='word_1_588' title='bbox 1460 4646 1510 4701; x_wconf 89' lang='lat' dir='ltr'>sibi</span> <span class='ocrx_word' id='word_1_589' title='bbox 1540 4645 1668 4701; x_wconf 87' lang='lat' dir='ltr'>inducere</span> <span class='ocrx_word' id='word_1_590' title='bbox 1752 4679 1753 4688; x_wconf 30' lang='grc' dir='ltr'><strong>κ</strong></span> 
     </span>
     <span class='ocr_line' id='line_1_114' title="bbox 1022 4710 1667 4793; baseline 0.008 -32"><span class='ocrx_word' id='word_1_591' title='bbox 1022 4710 1104 4780; x_wconf 83' lang='lat' dir='ltr'>plana</span> <span class='ocrx_word' id='word_1_592' title='bbox 1117 4720 1254 4765; x_wconf 71' lang='lat' dir='ltr'>recursant.</span> <span class='ocrx_word' id='word_1_593' title='bbox 1287 4712 1402 4778; x_wconf 89' lang='lat' dir='ltr'>Pilulae,</span> <span class='ocrx_word' id='word_1_594' title='bbox 1413 4728 1486 4793; x_wconf 81' lang='lat' dir='ltr'>quae</span> <span class='ocrx_word' id='word_1_595' title='bbox 1499 4713 1667 4768; x_wconf 79' lang='lat' dir='ltr'>Mercurium</span> 
     </span>
     <span class='ocr_line' id='line_1_115' title="bbox 1023 4774 1667 4849; baseline 0.011 -23"><span class='ocrx_word' id='word_1_596' title='bbox 1023 4774 1112 4828; x_wconf 82' lang='lat' dir='ltr'>sirum</span> <span class='ocrx_word' id='word_1_597' title='bbox 1132 4776 1175 4829; x_wconf 85' lang='lat' dir='ltr'>rel</span> <span class='ocrx_word' id='word_1_598' title='bbox 1190 4778 1284 4849; x_wconf 82' lang='lat' dir='ltr'>[inpar</span> <span class='ocrx_word' id='word_1_599' title='bbox 1296 4775 1444 4849; x_wconf 87' lang='lat' dir='ltr'>Sulphurra</span> <span class='ocrx_word' id='word_1_600' title='bbox 1461 4779 1608 4846; x_wconf 85' lang='lat' dir='ltr'>continent,</span> <span class='ocrx_word' id='word_1_601' title='bbox 1624 4794 1667 4833; x_wconf 87' lang='lat' dir='ltr'>ut·</span> 
     </span>
    </p>
   </div>
   <div class='ocr_carea' id='block_1_16' title="bbox 1021 4840 1636 4919">
    <p class='ocr_par' dir='ltr' id='par_1_22' title="bbox 1021 4840 1636 4919">
     <span class='ocr_line' id='line_1_116' title="bbox 1021 4840 1636 4919; baseline 0.01 -24"><span class='ocrx_word' id='word_1_602' title='bbox 1021 4857 1077 4914; x_wconf 81' lang='lat' dir='ltr'>qus</span> <span class='ocrx_word' id='word_1_603' title='bbox 1089 4857 1160 4897; x_wconf 84' lang='lat' dir='ltr'>auro</span> <span class='ocrx_word' id='word_1_604' title='bbox 1173 4858 1264 4917; x_wconf 80' lang='lat' dir='ltr'>usque</span> <span class='ocrx_word' id='word_1_605' title='bbox 1275 4854 1390 4919; x_wconf 69' lang='lat' dir='ltr'>argento</span> <span class='ocrx_word' id='word_1_606' title='bbox 1400 4840 1503 4902; x_wconf 87' lang='lat' dir='ltr'>obduci</span> <span class='ocrx_word' id='word_1_607' title='bbox 1514 4855 1636 4919; x_wconf 65' lang='lat' dir='ltr'>munt.</span> 
     </span>
    </p>
   </div>
   <div class='ocr_carea' id='block_1_17' title="bbox 0 0 1780 5417">
    <p class='ocr_par' dir='ltr' id='par_1_23' title="bbox 0 0 1780 5417">
     <span class='ocr_line' id='line_1_117' title="bbox 0 0 1780 5417; baseline 0 2"><span class='ocrx_word' id='word_1_608' title='bbox 0 0 1780 5417; x_wconf 95' lang='lat' dir='ltr'> </span> 
     </span>
    </p>
   </div>
  </div>
 </body>
</html>
