3550 5417
333 318 489 391 tenna
515 316 719 387 VlTRlOLl
737 316 900 389 DULClS
926 355 975 370 -
1001 319 1264 394 TlNCTUerE

168 523 253 571 vase
279 496 509 595 porcellaneo
539 521 619 568 curu
651 501 775 592 Aquae

170 596 367 669 communis
389 592 591 692 quadruplo
612 592 670 666 vel
688 618 775 666 sex-

170 695 268 792 tuplo
290 691 422 765 calefac
444 691 490 765 ad
516 691 774 781 ebullitionem3

170 810 243 865 tum
259 797 387 865 sensim
406 790 522 889 adjice

219 888 369 961 Aciduns
386 889 476 961 Salis
496 887 642 963 crudum

170 986 338 1088 quamdiu
370 986 628 1060 effervescentia
661 985 775 1057 effici-

171 1106 232 1159 tur.
281 1090 353 1159 Gas
371 1110 556 1182 erumpens
574 1084 770 1182 hepaticum

169 1188 334 1272 evitetur,
350 1210 393 1256 ne
409 1186 442 1255 in
458 1184 644 1280 pulmones
664 1180 773 1253 duca-

171 1301 225 1356 tur
284 1286 418 1380 Liquor
440 1281 506 1353 sub
526 1281 629 1354 finem
649 1283 693 1353 sit
715 1279 774 1350 le-

168 1387 258 1455 viter
278 1379 464 1470 alcalinus,
487 1378 602 1478 quod,
628 1382 656 1452 si
682 1403 773 1477 opus

168 1497 240 1569 est,
282 1477 401 1552 addita
437 1482 541 1575 Baryi
580 1476 774 1575 sulphurati

167 1578 381 1676 portiuncula
394 1594 526 1649 retenta
540 1577 694 1648 efficitur.
717 1577 772 1645 Li-

168 1703 261 1775 quor
278 1702 343 1772 per
361 1675 570 1748 colatorium
587 1676 773 1773 trajiciatur

171 1775 224 1847 vel
242 1773 406 1861 filtretur,
422 1790 492 1843 tum
512 1771 665 1843 addatur

217 1871 317 1943 acidi
357 1871 444 1943 Salis
485 1874 565 1968 puri
605 1886 771 1968 quantum

318 1972 418 2058 satis,

168 2085 204 2140 ut
220 2070 349 2141 reaetio
370 2066 495 2139 leviter
511 2065 648 2139 acidula
666 2092 772 2163 prae·

169 2164 292 2238 valeat.

218 2266 353 2362 Liquor
373 2268 408 2335 in
434 2263 514 2334 loco
539 2262 663 2359 tepido
689 2278 772 2351 stet,

168 2361 283 2435 donec
298 2362 447 2436 odorem
463 2359 663 2458 hepaticum
678 2363 772 2431 arui-

166 2464 266 2550 serit‚
289 2478 359 2533 tum
380 2460 523 2535 filtretur
544 2477 577 2533 et
592 2459 673 2557 lege
691 2461 772 2532 artis

166 2564 201 2631 in
222 2560 406 2657 crystallus
423 2557 609 2656 redigatur.
659 2558 770 2633 Puri.

167 2669 280 2733 curtat.
316 2657 474 2731 Chloreti
506 2660 609 2754 Raryi
644 2683 772 2744 unum,

168 2763 292 2853 Aquae
308 2755 378 2827 duo
394 2755 502 2827 Pond.
518 2758 671 2827 Miru—
687 2757 772 2829 tta:

167 2853 484 2949 antiscrophulosa.

158 2973 226 3031 Sint
238 2970 375 3042 crystalli
392 2973 560 3045 tabulares,
581 2971 696 3045 siccae,
714 2986 772 3027 neo

116 3057 341 3127 humescentes,
357 3054 467 3110 eoloris
480 3058 628 3125 expertes,
646 3058 770 3110 neutra-

116 3140 183 3212 les,
217 3136 448 3208 inquinamentis
483 3136 643 3192 metallicis
680 3136 771 3206 plano

115 3220 229 3279 liberae
255 3219 332 3291 qnod
362 3233 441 3289 aqna
465 3217 693 3287 hydrothioniea
719 3218 771 3273 vel

116 3301 274 3360 Ammonio
310 3298 538 3372 hydrotbionieo
573 3298 769 3373 dignoscitur.

115 3384 253 3441 Immixta
271 3382 444 3440 Strontians
466 3379 637 3453 muriatica,
667 3381 694 3436 si
717 3379 768 3436 in-

116 3470 181 3539 est,
208 3463 321 3536 Spiritu
337 3463 407 3522 Vini
432 3461 681 3521 reetitloatissimo
709 3478 768 3519 ex-

114 3546 192 3602 trahi
214 3551 330 3619 potest3
364 3545 495 3618 Spiritus
514 3548 631 3602 damma
653 3543 768 3601 tubelle

115 3628 307 3703 deflagratur.
350 3629 489 3686 caluaria
513 3626 667 3683 muriotlea
688 3641 767 3697 quo-

114 3727 172 3783 que
193 3711 307 3783 Spiritu
329 3709 402 3767 Vini
427 3707 607 3779 extrahitur,
637 3701 768 3778 Spiritus

114 3797 294 3865 evaporatus
314 3808 442 3848 massam
460 3792 587 3849 salinam
611 3790 767 3862 deliques-

114 3882 230 3932 oentem
252 3872 401 3945 relinquit.
442 3875 496 3929 Sal
525 3887 679 3929 commune
707 3872 766 3928 inr-

113 3959 236 4014 mixtum
261 3957 331 4013 tubo
357 3952 600 4012 ferruminatorio
622 3956 769 4010 dammam

112 4039 209 4097 reddit
221 4042 327 4096 darem
336 4037 451 4095 solibus
464 4035 589 4092 natrinis
600 4034 766 4106 propriam

112 4120 316 4178 solutioaeido
329 4119 503 4191 sulphurieo
515 4133 591 4189 puro
602 4117 767 4174 excedente

114 4200 317 4275 decomposita
343 4207 373 4259 et
402 4201 514 4257 ditrats
544 4214 584 4255 ex
612 4198 768 4255 orneitsulo

112 4282 243 4354 platineo
264 4301 323 4342 non
338 4282 456 4339 omnino
473 4284 575 4338 ealore
596 4279 679 4352 abigi
694 4285 766 4352 pot-

113 4368 178 4436 est,
197 4366 251 4422 sed
269 4381 399 4423 massam
414 4364 541 4421 salinam
556 4359 705 4434 relinquit.

159 4445 261 4503 Usus:
295 4449 325 4505 in
350 4445 630 4504 inflammationibus
658 4444 765 4501 oeulo-

110 4544 177 4586 runt
197 4529 344 4586 intentum
363 4528 579 4601 scrophulosis.

144 4619 186 4668 Do
201 4615 316 4687 parandi
330 4616 464 4670 methodis
480 4616 523 4668 vis
537 4613 640 4686 aliquid
656 4629 767 4666 mouen-

110 4681 184 4734 dum.
229 4682 258 4735 Si
283 4683 385 4749 Beryto
409 4683 557 4735 carbonicn
583 4680 675 4758 nqtira
706 4679 765 4757 silis

109 4744 766 4883 ttttdat‘tt.ttttt⁰⁵¹t.tttt'ltrtdtt

1410 330 1486 405 807

825 499 882 543 tum
894 507 949 544 nou
964 489 1034 547 nate
1047 490 1162 545 fornes
1174 494 1286 564 sigolina
1294 497 1321 550 in
1335 499 1487 556 crucibulis

825 555 973 626 capacibus
992 557 1093 609 uritur.
1132 559 1263 615 Mieeeloe
1284 563 1376 617 mixtio
1392 566 1485 621 intima

825 622 939 674 masmae
955 620 1178 677 commendanda

824 786 833 839 (
856 718 963 831 ΤΕέΙδΙΙΔ
981 718 1125 766 VlTlllOLl
1149 721 1267 770 nnncts
1290 742 1322 766 =
1346 724 1484 775 Colcotbsr

834 799 888 846 p.r
931 818 947 829 ,.

856 889 945 935 rust
966 889 1167 948 uenientes,
1197 889 1278 939 Thea
1300 908 1354 954 pro
1373 893 1481 957 lapsis.

874 951 1225 1019 sustentamentum
1263 952 1319 1008 Tte'
1334 959 1434 1012 saissa
1539 986 1544 995 ·

857 1029 912 1080 Pb.
929 1027 1014 1081 Gali.
1034 1029 1110 1096 1837:
1128 1039 1184 1084 ltee
1200 1040 1247 1086 tit.
1262 1051 1288 1087 et
1300 1042 1417 1090 Summis
1431 1044 1479 1092 Ab·

824 1100 919 1158 aioth,
945 1102 993 1147 ΙΙΙ).
1014 1102 1160 1160 Berenicae,
1184 1129 1218 1140 -·
1229 1104 1322 1169 djngne
1343 1110 1480 1172 reptantis,

824 1190 855 1200 -
869 1166 961 1215 llleliss.
974 1164 1144 1228 estaminia,
1158 1193 1189 1205 -
1202 1169 1365 1231 coenasse,
1377 1201 1409 1213 -·
1422 1175 1483 1239 llys·

904 1257 945 1345 ,r
959 1232 1225 1347 stratu-“2
1235 1237 1421 1352 attttt‘

824 1314 943 1423 nirdlse:
956 1390 985 1401 ·-
998 1362 1109 1423 Salviae,
1124 1319 1479 1432 -lldcolopener-i--S-cod·

824 1429 877 1486 dii,
903 1455 931 1465 -
945 1430 1051 1492 Thyni,
1074 1456 1105 1464 -
1119 1432 1254 1492 verneio,
1275 1434 1344 1483 Flor.
1358 1437 1479 1497 struices,

823 1520 855 1532 -
867 1494 1005 1558 Gnsptsslii
1019 1494 1113 1555 diuisi,
1126 1521 1158 1535 -
1171 1498 1316 1560 scabiosos,
1332 1526 1366 1537 -
1377 1502 1480 1551 ruatis·

822 1562 873 1625 gin.
889 1562 914 1613 ἶ.
928 1564 990 1608 Une.
1006 1576 1089 1609 unam.

854 1667 1021 1714 suentana
1051 1666 1273 1716 ANDROMACBI
1301 1687 1321 1717 s.
1349 1673 1479 1722 VENETA

824 1732 869 1778 sid.
884 1730 1058 1780 Elsetnsrinm
1075 1730 1194 1780 Therises
1211 1738 1245 1799 tp.
1260 1740 1326 1793 ndi).

854 1838 1016 1887 tussiaco
1034 1838 1209 1888 PAUPERUM
1223 1860 1255 1883 =
1270 1842 1342 1891 Roob
1355 1843 1479 1908 Jnniperi.

853 1944 1020 1992 theutica
1042 1945 1268 1995 smanacottta
1294 1947 1344 1997 sid.
1367 1947 1479 1998 Eleetne·

822 2008 888 2057 rium
903 2008 1024 2058 Theriaca
1037 2011 1193 2075 smaragdine
1209 2020 1243 2076 (p.
1256 2016 1323 2072 262).

822 2174 831 2227 (
853 2107 1061 2232 ruqqosctuu
1085 2109 1134 2156 aa.
1161 2100 1229 2157 sm.
1250 2113 1373 2161 meane-e
1389 2112 1478 2162 autin

832 2188 856 2235 p.
874 2185 907 2230 qo
937 2208 942 2218 .

855 2280 1088 2338 emeritens
1108 2298 1133 2337 s.
1152 2284 1372 2361 aasentias,
1394 2284 1475 2347 Sint:

821 2369 915 2431 turen,
937 2364 1090 2447 Teintures
1107 2381 1171 2424 sunt
1184 2373 1334 2428 mistiones
1349 2373 1477 2445 spirituo-

821 2445 1062 2489 coemeteriorum
1082 2435 1248 2491 medicorum
1269 2440 1304 2493 ad
1323 2458 1404 2493 usnam
1422 2457 1477 2495 nae·

822 2498 913 2553 dicum
936 2511 1025 2571 aptae.
1069 2502 1189 2571 Spiritus
1208 2503 1274 2559 Vini
1290 2504 1361 2559 idem
1380 2507 1476 2576 solvit,

820 2564 948 2637 idemque
967 2568 1167 2620 conservationi
1184 2573 1302 2625 consulit
1308 2590 1318 2639 ς
1344 2589 1432 2643 quum
1449 2574 1478 2627 in

821 2643 920 2685 natura
936 2650 1088 2705 corporum
1106 2634 1144 2687 nil
1161 2651 1194 2689 eo
1214 2648 1352 2703 mutatur,
1376 2639 1475 2693 merito

821 2697 887 2751 haec
905 2699 1067 2770 propinandi
1083 2700 1227 2757 methodus
1240 2702 1379 2758 laudatur.
1412 2707 1476 2759 Nou

820 2764 1055 2833 praetereundum
1072 2776 1112 2819 est
1129 2768 1199 2821 sires
1216 2767 1337 2839 Spiritus
1355 2769 1420 2823 Vini
1438 2772 1474 2823 ri·

820 2829 899 2883 ribus
910 2831 1114 2885 medicaminum
1132 2831 1209 2899 addi,
1234 2852 1289 2906 qua
1304 2834 1338 2888 de
1354 2852 1386 2889 re
1402 2838 1474 2891 ratio

822 2895 946 3014 habqua
963 2896 1045 2951 estin
1060 2897 1172 2951 remedii
1189 2900 1308 2953 ellicaeio
1325 2900 1377 2955 rito
1395 2901 1473 2957 sesti-

819 2978 879 3014 mou
902 2980 925 3015 a.

852 3030 1043 3105 Quaecunque
1053 3047 1172 3100 corpora
1183 3028 1216 3083 ad
1229 3032 1363 3101 parandas
1376 3034 1475 3088 tinetu·

820 3110 864 3148 res
878 3095 1048 3149 advocantur
1062 3107 1090 3152 et
1104 3097 1176 3150 sicca
1190 3107 1217 3150 et
1231 3098 1333 3151 minuto
1349 3100 1411 3168 sint,
1427 3116 1473 3153 ne·

819 3176 894 3212 cosan
911 3172 970 3227 est;
994 3163 1164 3216 alterumue
1181 3164 1339 3234 plantarum
1354 3164 1474 3218 humori·

818 3226 871 3279 bus
886 3227 1008 3298 Spiritus
1025 3227 1088 3282 Vini
1103 3239 1283 3291 extenuetur,
1307 3230 1424 3283 alterum
1442 3242 1474 3286 nt

818 3293 935 3362 penitius
963 3293 1067 3345 extrahi
1091 3304 1200 3364 queant.
1253 3296 1317 3372 Quo
1336 3293 1473 3352 difficilius

820 3358 1472 3440 principiamedieamentosaacorporibusedun·

817 3435 878 3488 tur,
897 3442 930 3478 eo
944 3441 1040 3492 majori
1053 3436 1183 3497 temporis
1198 3438 1287 3498 spano
1301 3437 1374 3481 stent
1389 3428 1472 3482 mixto

817 3500 936 3561 oportet.

850 3558 913 3610 Non
929 3556 955 3608 in
971 3555 1098 3609 omnibus
1111 3553 1182 3609 idern
1198 3555 1318 3627 Spiritus
1332 3556 1396 3613 Vini
1409 3575 1472 3612 ner·

818 3641 867 3677 nus
882 3622 1049 3693 requiritur,
1066 3619 1143 3739 quod
1179 3622 1268 3676 uidem
1282 3639 1316 3676 ex
1328 3624 1471 3679 solvendo·

818 3708 881 3741 rum
899 3698 998 3741 natura
1017 3704 1068 3757 pen
1090 3698 1124 3740 et
1157 3640 1257 3765 buum
1272 3706 1328 3743 uon
1344 3689 1394 3744 nisi
1409 3708 1471 3744 cor·

818 3772 886 3825 pora
902 3754 1006 3823 Spiritu
1019 3753 1146 3806 solubilia
1162 3753 1293 3809 solvende
1306 3766 1393 3820 sunt,
1410 3755 1470 3825 Spi-

816 3820 873 3873 ritu
888 3829 985 3892 egetur
1000 3819 1147 3872 fortissimo
1156 3839 1165 3888 3
1190 3821 1216 3873 in
1232 3819 1369 3874 solvendis
1387 3834 1471 3874 mate·

817 3887 864 3939 riis
879 3897 907 3939 et
919 3902 991 3957 aqua
1007 3886 1068 3940 etS
1090 3886 1154 3938 iritu
1169 3886 1335 3940 solubilibus
1347 3886 1468 3956 Spiritus

816 3953 924 4005 tenuior
935 3955 998 4019 jure
1012 3949 1075 4004 adbr
1096 3962 1175 4020 etur3
1191 3951 1309 4023 denique
1324 3953 1428 4007 dilutus
1439 3952 1468 4006 in

816 4018 981 4088 corporibus
1002 4022 1083 4137 Aqua
1104 4019 1288 4083 solubilibus,
1317 4035 1389 4089 quac
1410 4020 1470 4088 Spi-

816 4084 872 4136 ritu
886 4081 979 4136 addito
993 4101 1035 4136 me
1048 4083 1089 4136 ius
1104 4095 1317 4151 conservantur,
1335 4094 1363 4137 et
1377 4100 1392 4137 a
1410 4084 1469 4155 qui·

817 4148 933 4201 busdam
957 4150 1166 4220 inquinamentis
1192 4150 1272 4203 facile
1296 4160 1469 4221 separantur.

816 4216 856 4266 Ex
872 4216 922 4266 hae
934 4216 1039 4268 ratione
1053 4216 1172 4295 Spiritus
1186 4214 1288 4270 dilutus
1302 4213 1429 4269 conducit
1439 4215 1468 4270 in

816 4281 936 4333 insteriis
946 4281 1109 4348 extructius,
1120 4281 1359 4336 rectificatissimus
1369 4281 1397 4335 in
1408 4299 1469 4335 cor·

836 4347 933 4399 oribus
955 4346 1084 4401 resinosis
1106 4347 1193 4402 mistis
1215 4359 1242 4402 et
1264 4347 1334 4401 oleis
1357 4346 1470 4401 volatili·

815 4364 883 4479 bus,
902 4413 1021 4484 denique
1036 4414 1230 4469 alcoholisatus
1243 4414 1269 4467 in
1283 4411 1379 4466 resinis
1393 4412 1468 4493 puris

815 4491 842 4533 et
861 4479 982 4532 materiis
1004 4479 1150 4552 pinguibus
1167 4479 1276 4532 difficile
1292 4477 1468 4532 solubilibus.

815 4543 972 4600 Ponderum
994 4546 1064 4598 ratio
1095 4563 1150 4598 non
1178 4546 1206 4597 iu
1236 4544 1363 4598 omnibus
1383 4543 1470 4599 Phar·

815 4610 969 4689 maeopoeis
987 4611 1097 4677 eadem,
1121 4609 1170 4662 sed
1191 4611 1277 4664 uariat
1300 4627 1350 4680 pro
1371 4625 1468 4663 rerum

815 4690 843 4731 et
859 4678 1016 4757 opinionum
1034 4688 1141 4730 natura.
1178 4675 1236 4728 Uno
1254 4693 1321 4746 pars
1336 4674 1466 4728 materiae

814 4745 962 4797 medicatae
977 4744 1047 4796 susci
1068 4744 1123 4795 itur
1138 4752 1261 4812 quatuor
1277 4737 1310 4792 ad
1324 4750 1388 4792 octo
1404 4756 1467 4812 par·

814 4810 887 4866 tibus
913 4808 1031 4881 Spiritus
1051 4766 1132 4876 ¹l'ini3
1158 4808 1323 4879 plerumque
1345 4817 1467 4877 qustum·
