3550 5417
264 314 337 392 dil
429 310 651 384 asrfflors
668 307 916 382 MARTIALIS
935 345 985 360 -
1001 304 1227 378 AETHlOPS
1250 303 1493 377 MINERALIS

290 491 483 572 descriptus,
502 489 533 551 in
553 489 649 552 acidia
667 489 813 551 facillimo
828 488 961 552 colchi-¹

291 573 343 648 lis,
361 575 473 634 solutio
486 572 589 645 acida,
606 571 713 633 addito
725 572 812 633 acido
829 570 944 651 hydro·

289 655 428 718 thionico
442 675 501 715 non
520 654 693 730 coloratur3
711 653 813 735 pulsis
828 652 945 715 lusces-

233 735 235 740 ’
291 756 364 799 cens
381 738 429 798 vel
454 736 533 797 adeo
558 736 770 817 ponderosus,
799 737 829 795 in
848 733 945 795 acidi's

291 820 401 902 partim
418 830 533 880 tantum
556 816 714 895 solubilis,
735 814 903 897 rejiciatur.

337 922 425 982 Usus.-
442 917 474 976 ln
486 915 622 999 pulvere,
638 914 751 995 pilulis,
766 914 945 976 electuario.

331 1013 506 1075 Secundum
520 1016 649 1073 Lananr
668 1012 712 1071 sic
727 1021 865 1093 paratur:
895 1010 946 1072 Li·

292 1106 411 1158 matura
435 1096 540 1158 Martis
563 1092 795 1155 immittitur-in
823 1114 876 1154 vas
902 1093 946 1154 si·

292 1190 392 1239 treum
419 1188 470 1238 aut
501 1173 600 1236 lictilc
628 1174 779 1256 amplum,
808 1173 946 1255 superaf-

290 1258 432 1321 sunditur
442 1261 545 1340 Aquae
555 1255 697 1337 pluvialis
708 1267 854 1340 quantum
862 1258 945 1328 satis,

292 1338 608 1419 utlr-ddigitorum
626 1339 792 1399 crassitiem
808 1338 945 1419 obtegat,

294 1442 345 1484 vas
361 1432 503 1502 apertum
526 1419 642 1501 saepius
661 1418 796 1500 agitatur
813 1431 845 1480 et
869 1442 946 1503 aqua

292 1514 457 1585 evaporata
474 1521 596 1583 semper
609 1501 794 1578 restituitar3
810 1513 880 1583 post
894 1502 947 1562 ali-

292 1596 367 1670 quot
384 1584 582 1667 septimanas,
602 1583 627 1644 si
651 1588 723 1644 satis
747 1583 886 1663 pulveris
903 1585 948 1643 ni·

292 1668 420 1761 gerrimi
442 1677 559 1742 ortum,
587 1676 782 1746 separatura
804 1665 945 1727 limatura

292 1749 449 1810 arralterata
469 1760 501 1810 ct
518 1750 650 1809 siccatur
669 1759 755 1810 caute
775 1759 805 1807 et
822 1748 946 1809 celerri-

293 1850 355 1903 me,
373 1842 507 1911 utsupra
520 1840 733 1890 memoratum.
756 1828 948 1891 Productum

292 1910 353 1973 boc
370 1914 427 1974 rite
440 1923 575 1994 paratum
589 1912 713 1972 omnino
728 1930 793 1973 curn
807 1910 945 1994 descrip-

293 2005 327 2056 to
344 1994 498 2054 convenit.
509 2027 549 2038 -
560 1993 667 2053 Plures
678 1991 948 2073 Pharmacopoeae

293 2074 374 2135 banc
388 2075 567 2136 methodum
582 2093 615 2135 se
640 2085 763 2151 uuntur,
781 2085 815 2133 ut
833 2074 948 2134 Phar·

294 2177 383 2218 mac.
412 2158 584 2232 Gallica,
614 2096 845 2236 lliapanica,
874 2159 969 2218 Lu·-

294 2237 948 2313 sitanica,Suecica,Ss1n1mannrcet.

327 2331 504 2385 Pharmac.
523 2330 713 2384 Borussica
731 2335 877 2399 praescribis
891 2339 950 2385 cro·

294 2418 353 2451 eum
376 2404 465 2452 Marsis
488 2402 633 2466 aperisirum
653 2418 711 2449 cum
734 2402 797 2450 Oleo
817 2402 948 2450 Olirsrum

296 2469 612 2530 terendobumectandum,
625 2479 654 2516 ut
665 2466 798 2530 fiatpulvia
810 2466 951 2516 humidius·

295 2533 383 2595 culus,
405 2537 491 2597 quiin
512 2534 588 2581 ollam
607 2535 708 2598 griseam
726 2533 852 2581 immissus
868 2546 892 2582 et
910 2534 951 2580 ob·

296 2610 374 2647 tectus
393 2617 436 2663 per
457 2599 544 2647 burana
562 2600 694 2647 dimidiam
710 2600 768 2662 igne
784 2600 949 2648 incandescat.

295 2666 372 2714 Massa
391 2667 531 2732 refrigerata
548 2665 702 2729 nigerrima,
720 2664 808 2726 rejecta
826 2667 951 2728 superiore

224 2764 230 2778 .
296 2740 365 2794 parte
377 2732 471 2781 eoloris
486 2733 569 2779 minus
585 2731 701 2789 obscuri,
723 2730 813 2778 teritur
828 2731 853 2777 in
870 2731 951 2794 pulne-

297 2812 350 2847 rem
364 2797 564 2847 subtilissimum.
576 2788 786 2844 -Pharmac
797 2792 820 2843 Α
830 2791 951 2843 ustria·

297 2871 374 2922 cac,
400 2856 620 2922 bavaricae,
653 2859 953 2923 Hannovaranae,

296 2922 465 2988 Hostiae,
503 2921 710 2988 saxonicae,
749 2920 952 2976 Oldenbur·

296 2987 412 3061 gicae,
435 2989 642 3056 Polonicae,
666 2987 849 3053 Bessicae,
865 2987 954 3041 Fen·

295 3053 416 3121 nicae,
441 3055 672 3109 Geneveusis
697 3059 903 3123 praescriptiones
923 3060 950 3107 iu

297 3124 420 3188 capiterei
432 3142 490 3174 cum
504 3125 550 3173 hac
559 3138 711 3190 congruunt,
720 3126 766 3174 oiai
780 3127 846 3187 quod
862 3127 951 3188 passim

296 3189 355 3240 otei
372 3190 502 3240 Olirarum
524 3191 580 3240 loco
598 3193 691 3242 Oleum
712 3192 769 3239 Lini
790 3203 952 3255 proponunt,

296 3273 405 3319 quocum
415 3259 508 3306 Crocus
517 3258 605 3306 Martia
615 3260 644 3307 ad
658 3257 753 3323 pultem
762 3258 863 3320 spissam
876 3273 952 3319 usque

297 3317 823 3384 humectatur.—Pharmac,Batava
841 3334 864 3369 er
880 3316 952 3370 Bol-

264 3387 271 3394 '
296 3380 368 3450 glou
384 3388 554 3450 praescribunt
564 3391 716 3437 Liaustursm
725 3389 814 3436 Martia
830 3388 855 3433 in
872 3388 953 3434 cruci·

297 3451 358 3501 balo
377 3453 408 3501 ad
427 3455 545 3500 ruborem
562 3470 638 3517 usque
656 3453 850 3501 calefaciendam
870 3464 953 3514 essu·

297 3518 374 3568 binde
391 3523 477 3580 Aquae
495 3518 607 3582 pauxillo
626 3520 836 3583 adspergendum.
855 3517 951 3580 spatula

297 3582 373 3631 ferrea
387 3584 520 3648 agitando,
538 3586 618 3632 donec
637 3584 663 3632 in
688 3600 790 3632 nassum
813 3583 909 3643 nigram
927 3592 953 3629 et

292 3655 398 3712 'opacam
414 3649 446 3696 ais
461 3664 590 3709 conversa,
607 3665 682 3712 quse,
695 3650 778 3698 adhuc
788 3648 867 3696 calida
883 3647 951 3705 trita,

297 3731 341 3776 pcr
352 3714 464 3762 cribrum
480 3714 591 3777 trajecta,
605 3718 729 3763 servanda.
741 3742 769 3753 ·-
778 3708 951 3761 Pharlnac.

299 3772 447 3828 Gallica
475 3781 582 3829 Crocum
606 3797 707 3844 quoque
727 3780 815 3830 Marsis
835 3796 894 3828 cum
920 3772 951 3842 lla

298 3844 370 3893 Aceti
393 3844 512 3894 destillari
536 3847 751 3894 commiscendum
769 3856 795 3893 et
809 3846 836 3893 io
858 3854 951 3893 retorta

299 3909 371 3958 fictili
390 3908 491 3959 loricata
505 3913 625 3978 gradatim
639 3913 668 3960 ad
683 3911 906 3960 incandescentiam
917 3926 951 3957 ua·

299 3992 345 4039 que
353 3975 530 4026 destillandunr
539 3978 664 4041 proponit.
676 4005 706 4016 -
717 3980 882 4026 Baucnaraucr
897 3991 953 4039 pro·

299 4040 370 4105 pouit
383 4057 454 4104 super
469 4043 575 4091 Crocum
595 4042 685 4092 Martis
705 4042 730 4091 ia
750 4058 804 4090 vase
823 4042 897 4090 fictili
911 4058 952 4089 an·

297 4117 369 4219 dmm
384 4108 559 4169 etprol'undo,
570 4109 699 4167 calefacta,
712 4124 757 4172 per
769 4108 832 4156 sicea
841 4106 951 4155 Alcobol

319 4172 356 4219 ini
374 4170 562 4221 immittendum
571 4186 596 4222 es
606 4174 770 4226 demendum.
785 4174 864 4221 donec
875 4189 951 4220 massa

299 4248 390 4286 restans
405 4235 520 4285 colorem·
529 4240 628 4304 nigrum
642 4236 799 4302 assuuaaeric⁴

331 4319 437 4367 Paratur
454 4335 569 4381 quoque,
592 4319 661 4370 Ferri
680 4318 735 4368 Fila
761 4318 798 4366 rel
823 4318 952 4367 Limatura

299 4384 325 4432 in
340 4384 403 4432 tubo
418 4383 497 4433 ferreo
513 4383 550 4432 rel
569 4384 728 4449 porcellaneo
748 4383 780 4432 ad
802 4382 951 4432 rubedinem

299 4463 374 4513 usque
394 4446 527 4509 calefacto,
550 4455 636 4514 Aquae
651 4450 781 4513 vaporibus
795 4449 953 4515 exponendo,

299 4517 379 4563 donec
394 4515 444 4564 Gas
461 4515 613 4581 llydropenii
628 4531 677 4563 non
694 4515 803 4580 amplius
818 4513 952 4564 evolvatur.

255 4621 259 4628 .
331 4580 415 4629 Parari
430 4596 531 4645 quoque
548 4592 629 4646 potest
643 4580 694 4639 ita,
712 4591 740 4630 ut
753 4582 847 4630 Crocus
862 4579 954 4629 Martia

300 4645 464 4722 adstringens,
476 4662 535 4695 curn
549 4645 620 4695 tertia
631 4647 704 4696 Parte
715 4645 858 4695 Limaturse
865 4645 955 4695 Martia

298 4710 474 4759 alcobolrsstae
483 4712 627 4760 triturando
641 4710 733 4759 intime
746 4711 848 4771 mixtus,
861 4711 887 4760 in
900 4726 954 4762 asse

299 4773 384 4823 elanao
399 4792 443 4839 per
455 4776 542 4826 boram
560 4777 725 4827 incandescat.
738 4800 770 4812 -
779 4770 953 4827 Phaenea.

299 4834 539 4894 ferrariensis
554 4842 694 4896 ataliarua
703 4842 912 4910 praeacripdoaea
925 4843 953 4895 ia

992 485 1143 536 summersi
1162 501 1222 535 eam
1243 484 1292 533 bac
1312 491 1464 550 congruunt.
1486 508 1520 522 -·
1535 487 1660 537 rmum

993 550 1111 616 proponis
1119 552 1276 600 Limaturam
1286 551 1380 610 Martia,
1388 554 1519 613 cumdque
1527 551 1662 600 humecta·

994 629 1060 676 tana,
1077 631 1135 664 eum
1148 617 1243 665 decima
1256 628 1321 665 sexta
1336 620 1422 679 Aquae
1434 617 1516 664 Fortis
1530 618 1603 666 Paris
1617 617 1662 664 in·

993 683 1155 796 {pergendum
1169 692 1278 747 etporro
1290 682 1415 747 agendum
1431 682 1470 730 uti
1485 683 1511 731 in
1522 681 1662 749 principio

1011 759 1097 796 cetuna
1115 759 1162 797 eat.
1342 765 1344 770 ’

1028 807 1202 861 Pharmac.
1231 804 1469 860 Dublinensis
1497 822 1523 861 ea
1551 805 1662 862 Edin·

993 871 1182 944 burgensis
1199 877 1373 942 praescribunt
1393 894 1508 941 squamas
1525 880 1554 926 ad
1574 879 1663 929 sabm-

995 961 1050 994 rum
1061 945 1165 992 incudes
1178 944 1338 1008 reperiunda·
1348 944 1468 1008 Magnetis
1483 961 1529 1007 ope
1541 962 1555 993 a
1566 946 1664 994 scoriis

994 1010 1101 1072 aliisque
1114 1010 1229 1073 partibus
1245 1007 1413 1073 heterogeneia
1432 1011 1579 1074 separandas
1590 1022 1617 1060 es
1630 1012 1663 1059 in

994 1074 1120 1141 pulverem
1134 1073 1331 1123 subtilissimum
1344 1076 1495 1140 redigendas.

995 1187 1319 1272 Ara-'rulers
1364 1189 1663 1276 MINERA-

992 1303 1110 1388 Ins.
1155 1295 1660 1410 discessissemus.
1729 1325 1731 1328 ·

1124 1420 1311 1526 Ethiops
1334 1424 1525 1504 maderol.

1029 1534 1142 1603 synon:
1159 1529 1293 1610 Aethiops
1310 1534 1480 1587 mercurialis
1493 1553 1542 1589 seu
1557 1552 1662 1592 narco-

997 1600 1076 1662 ticus,
1087 1599 1244 1651 Mercurrus
1257 1599 1440 1671 sulphuratus
1456 1617 1506 1654 seu
1522 1619 1584 1656 cum
1593 1603 1662 1658 sut.

996 1665 1096 1783 pllsplrc,
1113 1661 1527 1784 derargypuprsulppupatum
1537 1670 1662 1743 nigrum,

1018 1745 1289 1848 llurldllagrlrmllllllslar'5
1306 1749 1343 1849 ll)
1355 1749 1403 1850 alell
1412 1752 1442 1849 ph
1453 1743 1533 1852 udddll
1536 1734 1637 1854 mliesal1
1639 1739 1662 1792 l,

997 1815 1124 1932 digama,
1154 1814 1356 1932 sulphurgalun
1381 1818 1514 1917 Merdurii
1530 1819 1661 1936 grryigrurlan.

999 1930 1151 1993 &musnet
1178 1929 1496 1997 Consfehssurcttitter.
1525 1935 1662 2002 lunense

997 1995 1077 2055 Quen
1098 1994 1263 2058 [hastulphe.
1279 1995 1387 2061 Eslaops
1398 1998 1582 2052 merrura'e‘lou
1594 2018 1661 2051 ner·

998 2062 1053 2111 coti
1069 2076 1111 2118 us,
1128 2058 1258 2125 sriptura
1270 2063 1329 2110 nori·
1346 2062 1377 2110 de
1392 2061 1520 2130 Mercurr,
1534 2063 1662 2118 Mercura

998 2141 1036 2177 ou
1074 2124 1454 2194 ydrargyrelrpdrasulplaurd.

998 2213 1082 2282 Rec.
1108 2211 1275 2280 Mercurii
1298 2213 1368 2282 vivi
1376 2264 1387 2301 ,

1048 2306 1196 2379 Florum
1234 2307 1418 2406 Sulphuris
1459 2311 1497 2387 a}
1527 2313 1658 2386 Uncias
1760 2343 1761 2380 ι

1148 2402 1244 2478 duas.

999 2507 1130 2591 Misce,
1155 2519 1229 2575 tere
1251 2507 1287 2576 in
1316 2507 1482 2580 mortario
1510 2506 1659 2606 lapideo

1000 2601 1121 2700 amplo
1147 2601 1268 2699 pistilli
1281 2628 1381 2701 ope,
1407 2604 1485 2678 basi
1503 2607 1658 2690 ‚dilatata

1002 2696 1125 2803 parum
1146 2724 1303 2773 convexa
1322 2701 1490 2802 praediti,
1514 2707 1660 2796 sedulo,

1001 2815 1144 2872 strenue
1170 2813 1203 2870 et
1226 2798 1306 2889 diu,
1333 2798 1452 2873 calore
1482 2832 1552 2878 non
1584 2804 1661 2877 ad-

1002 2895 1134 2986 hibito,
1172 2894 1287 2968 donec
1321 2902 1484 2974 Mercurii
1518 2903 1660 3002 globuli

1001 2997 1138 3094 penitus
1158 2997 1368 3068 evanuerint.
1380 3036 1430 3050 -
1445 3004 1549 3067 Parari
1563 3003 1658 3065 etiarn

1003 3103 1122 3175 potest,
1145 3093 1215 3154 data
1234 3093 1417 3172 occasione,
1440 3098 1606 3159 miscellam
1624 3097 1657 3158 in
1761 3108 1762 3111 ’

1004 3178 1117 3235 vitrum
1146 3175 1194 3235 sd·
1213 3176 1373 3237 dimidium
1401 3187 1520 3239 tanturn
1547 3180 1660 3261 imple·

1003 3270 1067 3318 turn
1091 3268 1122 3316 et
1144 3256 1340 3334 obturatum,
1362 3260 1392 3320 in
1418 3262 1535 3323 scutula
1553 3261 1657 3323 scobis

1003 3359 1064 3420 ope
1080 3338 1174 3399 dense
1192 3338 1361 3415 inclusum,
1378 3342 1562 3418 immissam,
1578 3343 1659 3405 trabi

1003 3422 1099 3482 molae
1122 3420 1285 3482 servientis
1304 3422 1416 3485 tabulis
1437 3423 1585 3489 faciendis
1605 3425 1658 3487 ad-

1004 3502 1143 3583 ligatam,
1166 3514 1226 3561 tam
1250 3502 1301 3563 diu
1321 3504 1486 3586 agitando,
1507 3508 1606 3570 donec
1626 3509 1657 3568 in

1004 3585 1163 3661 pulverem
1183 3584 1382 3666 nigerrimum
1404 3589 1530 3652 redacta
1552 3589 1600 3650 sit.
1614 3623 1657 3635 ·-

1001 3663 1117 3736 Pulvis
1133 3677 1216 3754 ater,
1241 3666 1476 3762 ponderosus
1494 3669 1658 3744 subtilis-

1001 3763 1129 3849 simus,
1164 3763 1354 3862 insipidam,
1379 3767 1498 3841 calore
1520 3771 1658 3870 penitus

1002 3857 1169 3950 volatilis,
1186 3866 1247 3957 qui
1263 3864 1346 3934 aare
1357 3864 1541 3964 adjuvante
1554 3864 1658 3940 simul

1002 3984 1081 4030 cum
1103 3956 1245 4030 flamma
1267 3959 1479 4059 sulphurosa
1501 3965 1660 4037 combu-

1001 4058 1105 4144 ritur,
1123 4054 1320 4129 insolubilis
1337 4062 1373 4130 in
1392 4088 1485 4161 aqua
1499 4081 1531 4137 et
1549 4062 1658 4136 acidis
1761 4061 1762 4070 ’

1002 4151 1129 4242 dilutis,
1151 4152 1302 4227 solvitur
1314 4174 1432 4233 autem
1449 4160 1658 4236 ebulliendo

1001 4253 1036 4323 in
1056 4249 1177 4323 lixivio
1194 4256 1347 4328 caustico
1366 4277 1660 4333 consenuere.-

1003 4350 1148 4421 Constat
1175 4375 1215 4422 ex
1242 4354 1419 4431 Mercurio
1449 4357 1659 4457 sulphurato

1001 4449 1104 4563 nigro
1136 4469 1219 4520 cum
1244 4451 1425 4554 sulphure
1452 4460 1488 4530 in
1513 4480 1661 4532 excessu

1002 4561 1120 4633 murto.
1147 4586 1196 4601 -
1232 4550 1312 4624 Vis:
1346 4554 1514 4647 alterans,
1538 4553 1660 4629 resol-

1002 4667 1104 4733 vens,
1126 4645 1412 4749 antisyphilitica,
1429 4654 1635 4753 vermifuga.

1044 4742 1092 4804 Sit
1114 4742 1221 4840 pulvis
1244 4749 1452 4847 niperrimus,
1483 4755 1659 4833 volumnus,

1004 4823 1123 4912 globuli
1149 4846 1298 4914 mercum
1329 4835 1424 4899 oculo
1447 4847 1566 4901 armato
1595 4857 1659 4900 uon
