3550 5417
371 380 498 453 LAPlS
524 382 769 455 CAUSTlCUS
794 423 844 438 -·-

143 554 354 656 †LAPIS
372 554 688 635 CAUSTlCUS.
708 560 796 659 bel*

201 654 291 753 [ltin.
342 654 480 731 Pierre
503 683 529 732 o
554 660 734 733 cmiter-es.

143 765 797 912 „taratantarataciturn

143 895 798 1029 :tti⁰‘t2⁸tt.tttl⁰⁸⁸tllllt''littlll

143 1035 188 1081 nes
204 999 312 1097 helluli.
347 971 608 1099 Panormitano,
620 982 753 1098 seireff
763 983 797 1085 lie

141 1095 295 1161 protocide
312 1095 346 1145 ds
363 1096 532 1150 Potnasr'esr.

144 1181 226 1250 Ree.
266 1178 391 1249 Lixivii
421 1181 561 1251 caustici
592 1179 797 1277 vegetabilis

94 1275 98 1279 ’
271 1298 392 1346 recens
411 1278 522 1374 parati
540 1292 711 1374 quantum
729 1280 797 1368 vis,

144 1387 315 1469 evaporet
333 1376 368 1441 in
389 1374 504 1446 catino
527 1391 695 1471 argenteo
717 1377 797 1472 igue

144 1467 265 1541 vivido
296 1473 501 1566 supposito,
533 1470 648 1543 donec
679 1472 798 1544 calore

144 1566 299 1638 obscure
318 1566 636 1641 rubro-candente
653 1568 722 1641 olei
738 1571 798 1640 in·-

143 1680 215 1737 star
229 1661 320 1734 fltrat
354 1667 385 1734 T
388 1690 447 1735 um
467 1667 500 1737 in
518 1663 702 1739 modulum
721 1666 798 1738 ler-

144 1786 244 1834 reum
269 1759 341 1855 (vel
361 1759 551 1855 aheneum)
580 1761 800 1835 carralicula-

146 1874 240 1947 tum,
285 1883 414 1954 parum
452 1858 682 1947 calefactum,
723 1863 798 1933 sevi

144 1953 298 2054 pauxillo
326 1954 450 2027 illitum
476 1956 638 2045 effunde,
665 1973 698 2029 et
726 1956 799 2030 ba-

144 2052 246 2124 cillos
258 2051 332 2123 fere
344 2052 571 2150 refrigeratos
583 2057 618 2126 in
631 2080 694 2127 vas
707 2054 799 2129 bene

145 2148 381 2221 obturandum
400 2154 531 2249 ingere.
548 2191 597 2206 -
638 2151 725 2229 Vo:
756 2179 798 2226 es

145 2250 287 2319 nomine
312 2264 418 2344 patet.

189 2347 257 2406 Sint
274 2346 373 2405 bacilli
391 2346 470 2421 albi,
494 2348 583 2407 valde
602 2349 748 2425 caustici,
768 2351 798 2410 in

146 2426 282 2507 Spiritus
317 2427 388 2487 Vini
421 2426 669 2489 rectificatissimi
703 2432 799 2511 duplo

147 2508 289 2589 pondere
304 2506 370 2567 lere
387 2528 422 2568 ex
441 2521 507 2570 toto
522 2511 686 2587 solubiles,
705 2515 799 2573 soluti

147 2608 216 2649 cnm
234 2589 330 2650 acidis
348 2588 434 2651 mixti
451 2590 720 2654 effervescentism
739 2616 798 2656 non

148 2670 257 2731 cieant.

199 2753 302 2811 Usus:
333 2747 470 2813 internus
500 2752 620 2827 nullus,
653 2765 799 2816 externus

147 2854 207 2912 pro
227 2830 365 2892 caustico
387 2833 590 2910 validissimo,
612 2835 649 2895 ad
670 2835 800 2898 fonticu-

148 2915 194 2975 los
212 2913 407 2988 excitandos,
427 2916 583 2978 abscessus
600 2919 799 2996 aperiendosz

146 2995 200 3054 sed
215 2994 275 3052 rim
288 2995 367 3053 oltra
381 2994 483 3055 locum
502 2999 719 3061 excoriandum
736 3019 803 3061 sae··

94 3089 99 3098 “
148 3075 219 3155 pius
241 3075 381 3147 extendi,
410 3077 577 3154 plurimum
600 3093 800 3162 quaeruntur.

147 3155 254 3299 Suara
269 3155 444 3215 Canalicum
466 3177 627 3221 commone
647 3162 748 3223 mitius
769 3174 800 3223 et

176 3235 255 3297 ulvis
270 3236 452 3299 Viennensis
469 3258 560 3316 saepe
578 3242 801 3304 anteferuntur.

148 3317 265 3380 Confer
295 3318 391 3377 Alcali
428 3320 598 3402 vegetabile
631 3327 800 3386 cenaticum

148 3398 263 3462 siccum
284 3409 317 3459 et
338 3398 492 3462 Lixirium
515 3405 685 3466 causticam
710 3426 787 3490 vege

148 3481 253 3542 tahile.

181 3585 273 3633 parts
287 3585 461 3637 CAUSTICUS
474 3590 544 3638 cont
559 3591 663 3639 caten
677 3592 725 3640 rid.
741 3593 800 3641 Csn·

106 3680 109 3683 ·
147 3649 240 3698 sticum
253 3665 388 3700 commune
401 3654 488 3702 mitius
504 3661 541 3719 tp.
560 3658 623 3713 ion.

181 3738 271 3786 mets
288 3740 548 3789 comitatuum
565 3745 628 3791 ltin

147 3815 209 3852 sunt
223 3802 319 3868 globuli
335 3820 398 3868 qnae
414 3805 557 3854 Calcaream
575 3808 734 3857 urbonieam
752 3807 803 3875 plo·
866 3840 874 3856 .

149 3884 256 3932 rumque
269 3868 416 3929 continent,
430 3870 583 3919 inconcinne
596 3873 676 3922 mixti.

188 3967 307 4030 Laets
340 3970 529 4043 osvinus,
562 3971 674 4051 Lapis
701 3972 803 4034 diri-

141 4068 218 4108 vnns
248 4051 304 4112 Sc.
339 4051 413 4112 lvss
448 4070 472 4112 s.
501 4052 641 4128 Iussu,
686 4054 802 4133 Lapis

148 4127 461 4209 ophthalmicus,
486 4133 647 4214 Cnprnm
671 4134 802 4194 alumi·

65 4268 67 4271 .
148 4221 298 4287 natum,
330 4211 543 4295 Collyrium
572 4215 618 4274 de
645 4214 802 4277 Salibus

380 4294 802 4377 <>

147 4392 597 4529 tuliplrliariliniliiriolum
624 4399 804 4542 ainpho·

148 4543 279 4598 ratum.
307 4538 485 4616 hupertus,
499 4542 703 4614 nupfetoloun.
734 4545 804 4605 Col·

301 4622 365 4697 tyrs
379 4623 424 4681 dit
437 4624 540 4684 Picrrs
553 4625 650 4686 divin.

182 4696 249 4777 Rec.
271 4702 382 4756 Vitrioli
396 4704 431 4759 do
444 4709 556 4780 Cypro,
568 4709 656 4777 Nitri,
670 4709 802 4765 aluminis

148 4760 229 4816 oruh
243 4772 267 4825 ἴ.
282 4767 351 4820 Uoc.
363 4777 436 4836 tres,
456 4775 558 4844 optime
571 4785 687 4830 contusa
700 4784 728 4829 rt
742 4775 801 4846 pul·

148 4837 244 4885 neate
254 4829 397 4903 liquefiant
408 4833 435 4889 in
446 4853 508 4892 raso
517 4839 707 4911 porcellum,
715 4838 803 4914 bunc·

867 384 1000 457 LAPIS
1022 385 1290 459 INFERNALIS
1428 387 1500 466 tot

845 555 924 611 factis
942 556 1040 611 sensim
1055 554 1172 611 admisce
1185 556 1360 629 Campborae
1374 558 1504 614 Drsohm.

848 640 929 675 unam
950 632 977 675 et
996 622 1085 675 semia.
1116 620 1235 677 Effundo
1254 638 1370 678 massam
1387 626 1415 680 iu
1428 624 1504 680 lanai·

847 704 909 740 nam
924 703 1105 740 marmoream
1120 687 1183 742 oleo
1217 706 1295 742 arum
1309 686 1415 744 illitam.
1438 689 1504 745 Ser·

847 763 929 805 retur
942 753 969 805 in
984 754 1052 806 rasis
1063 754 1165 824 optimc
1175 705 1285 822 educis,
1298 770 1333 808 uo
1343 755 1502 828 camphora

847 817 958 890 penitus
972 818 1073 872 avolet

880 882 922 936 Sit
948 899 1035 936 massa
1058 883 1144 937 salina
1168 880 1270 954 pallido
1293 883 1502 954 coeruloscens,

847 945 941 1001 odoris
955 948 1126 1020 camphorati
1139 947 1257 1019 insignis.
1270 980 1302 990 -
1326 955 1416 1006 Usar:
1433 967 1451 1003 o
1472 949 1502 1004 h-

847 1013 1008 1079 tlaalmicus3
1034 1011 1194 1068 dissolvitur
1213 1010 1325 1085 Lapidis
1345 1013 1427 1068 divini
1451 968 1501 1069 br.

848 1094 901 1131 una
915 1078 943 1131 in
955 1082 1008 1148 tq.
1022 1095 1119 1131 comm.
1132 1078 1209 1133 hibr.
1222 1077 1340 1150 duabus,
1352 1096 1385 1133 ex
1399 1096 1456 1151 quo
1469 1079 1502 1135 fle

846 1143 1001 1212 Collyrium
1013 1144 1237 1214 ophthalmicum.

879 1226 1001 1274 Codicum
1021 1226 1094 1275 turha
1111 1225 1248 1275 formulam
1261 1225 1399 1277 cohibitam
1414 1238 1500 1281 muts

846 1299 901 1352 est,
914 1306 991 1353 quaro
1005 1291 1201 1340 discordantiam
1215 1291 1308 1341 referre
1321 1292 1360 1341 nil
1371 1293 1469 1344 attinet

881 1395 972 1443 LaPls
989 1396 1033 1443 nn
1049 1395 1121 1444 0οΑ
1137 1388 1193 1442 Pt.
1210 1389 1312 1444 Wirt.

881 1461 934 1507 ileo.
951 1459 1134 1508 Corrnlliorom
1150 1459 1277 1521 alborum,
1292 1460 1448 1521 cribrorum,
1461 1465 1504 1511 Be·
1604 1458 1608 1465 ¹

845 1540 912 1571 corr.
928 1524 1065 1571 Orientalis
1082 1526 1108 1577 ,ἶ
1124 1526 1186 1572 linc.
1202 1525 1502 1589 nusm,b1argsritsrnm

847 1587 1036 1650 Orientalium,
1063 1588 1162 1652 Lepidis
1181 1588 1317 1653 Hyacinthi
1342 1591 1503 1654 praeparati,

847 1679 878 1690 -
890 1653 995 1717 Topssi,
1009 1679 1040 1689 -
1049 1654 1181 1717 sapphiri,
1193 1679 1226 1693 -ι
1238 1655 1335 1702 hubini
1348 1656 1374 1706 ἧ
1389 1657 1454 1703 Uno.
1468 1671 1503 1704 ss·

847 1717 905 1777 mis,
919 1741 949 1755 -
958 1719 1102 1782 bmsngdl,
1116 1718 1213 1767 Moschi
1223 1716 1378 1780 orientalis,
1392 1720 1502 1767 Ambrae

846 1782 941 1846 griseae
960 1784 985 1834 ἶ.
1006 1783 1127 1831 Drachnr.
1143 1785 1220 1843 duaa,
1245 1783 1377 1832 Foliorum
1391 1785 1454 1832 ant
1468 1783 1503 1833 N·

847 1848 1022 1911 quodraginta.
1064 1849 1116 1895 fist
1136 1849 1253 1897 omnium
1273 1847 1355 1912 pslris
1371 1848 1504 1897 subtilissi-

848 1929 920 1970 mus,
942 1914 986 1976 qui
1002 1912 1157 1974 mutilagine
1168 1914 1365 1979 Tragncsnthsa,
1385 1912 1422 1961 rol
1439 1913 1502 1978 gola-

849 1978 901 2025 tius
915 1978 1002 2026 Coruo
1017 1979 1088 2027 Corvi
1103 1980 1130 2027 in
1144 1990 1237 2043 postam
1252 1978 1394 2043 redigatur,
1406 1995 1436 2027 ox
1452 1994 1504 2043 qna

848 2045 991 2091 formentur
1005 2041 1103 2105 globuli
1117 2043 1194 2092 oralia
1207 2043 1317 2102 formae,
1331 2044 1375 2107 qni
1389 2055 1444 2106 post
1456 2044 1502 2091 sie·

847 2108 973 2156 ostionem
992 2108 1018 2155 in
1037 2110 1144 2167 umbra,
1167 2107 1205 2156 rel
1220 2109 1315 2158 concha
1328 2107 1366 2157 rel
1380 2110 1454 2157 deute
1468 2107 1505 2157 la-

847 2172 925 2238 pino,
944 2183 973 2221 ιι
985 2172 1112 2238 eleganter
1124 2174 1237 2235 niteant,
1251 2171 1390 2237 poliantur.

847 2282 1087 2384 †nnrrs
1121 2283 1504 2360 turabulum.

873 2378 1090 2481 attentatu.
1120 2381 1258 2456 Pime
1274 2385 1469 2483 hisemale.

882 2493 1008 2555 Syram:
1027 2490 1178 2561 Argentum
1191 2490 1319 2544 ultricum
1335 2490 1442 2557 lusum,
1458 2491 1504 2545 tlt·

849 2560 907 2604 tras
927 2551 1081 2623 argentious
1099 2555 1192 2622 fusus,
1219 2556 1378 2610 Caustiounr
1396 2554 1505 2610 lunare.

850 2618 1044 2689 orianegnes
1062 2622 1245 2690 lotpetsrlourst
1260 2625 1357 2683 Ullbsr.
1389 2627 1505 2680 Nitrata

849 2685 988 2752 d'Araent
1002 2688 1100 2753 fonds.

850 2773 933 2843 Rec
971 2773 1115 2867 Argenti
1145 2772 1257 2845 uitrici
1287 2773 1505 2871 crystallisati

1049 2869 1097 2966 (p.
1114 2871 1197 2963 100)
1219 2886 1386 2967 quantum
1402 2873 1468 2959 vis,

850 2964 1002 3036 immitte
1014 2963 1283 3051 incrucibulnm
1298 2983 1504 3062 argenteum

851 3060 921 3157 (vel
940 3060 1130 3158 platiueum
1150 3061 1207 3134 vel
1222 3063 1504 3159 porcellaneum)

850 3174 886 3230 et
915 3161 951 3228 in
980 3155 1183 3255 lampadem
1211 3160 1356 3256 impone
1375 3160 1505 3259 Spiritu

853 3256 929 3326 Vini
954 3255 1126 3327 nutritam.
1173 3255 1372 3328 flammam
1394 3281 1505 3353 auge,

850 3351 966 3424 donec
994 3350 1052 3423 Sal
1072 3355 1217 3425 omnino
1246 3352 1359 3425 lissum
1385 3353 1505 3442 fuerit,

851 3446 952 3549 quod
969 3449 1134 3546 agitando
1152 3476 1223 3548 ope
1238 3449 1355 3522 baculi
1371 3476 1506 3549 argen-

852 3550 899 3620 tei
916 3545 1114 3644 adjuvatur.
1147 3548 1298 3640 Quando
1316 3547 1373 3621 Sal
1391 3572 1507 3646 aquae

850 3647 960 3717 instar
975 3647 1008 3716 iu
1024 3644 1206 3717 crucibulo
1218 3644 1309 3733 fluat,
1325 3643 1506 3719 flammam

852 3740 1024 3830 diminue,
1043 3744 1109 3827 ita,
1127 3757 1163 3815 ut
1177 3767 1291 3839 neque
1306 3743 1505 3841 refrigera-

852 3853 946 3909 tione
964 3840 1147 3924 consistet‚
1173 3863 1292 3935 neque
1312 3841 1422 3912 nimio
1438 3864 1506 3913 ca·

851 3933 930 4008 lore
963 3932 1264 4031 decomponatur,
1297 3934 1362 4008 sed
1391 3938 1513 4034 quiete

851 4029 959 4119 fluat,
993 4030 1092 4128 quod
1146 4052 1186 4103 er
1212 4032 1346 4130 aliquot
1374 4035 1505 4107 nunno

852 4126 983 4200 obtine.
1007 4131 1102 4200 Tum
1118 4056 1296 4226 iiquidum
1313 4129 1455 4203 effunde
1470 4132 1507 4202 iu

852 4223 1039 4298 modulum
1055 4225 1209 4301 ferreum
1228 4226 1300 4323 (vel
1316 4227 1506 4321 aheneum)

852 4337 953 4396 antea
981 4321 1107 4395 leviter
1136 4324 1344 4398 calefactum
1373 4340 1407 4398 et
1430 4325 1507 4398 sevi

878 4418 1010 4492 auxillo
1027 4418 1161 4494 illitum.
1191 4421 1341 4497 Baculos
1360 4447 1403 4494 ex
1419 4408 1507 4494 mo-

852 4447 941 4590 dulo
971 4515 1124 4592 diremto
1141 4518 1289 4601 solutos
1320 4520 1436 4590 statim
1470 4518 1507 4599 iu

852 4640 915 4688 vas
951 4616 1099 4689 vitreum
1133 4614 1226 4688 bene
1262 4610 1507 4687 obturandum

850 4717 982 4813 ingere.
997 4755 1046 4769 -
1090 4711 1177 4786 Vos
1201 4713 1398 4799 exsiccans,
1416 4708 1506 4784 cair·

850 4826 953 4902 sucu,
968 4810 1258 4909 suppurationem
1274 4807 1435 4883 eminus
