3550 5417
175 326 261 396 sn.
276 324 550 395 assarum
572 325 770 397 uauzoas
790 367 839 385 -
858 305 943 403 sai.
962 311 1143 399 ossam:
1161 328 1365 401 amman
1412 332 1487 404 ‘ut
1587 384 1591 397 .

129 505 219 618 Besan
246 502 436 553 mstosstffl
465 502 607 553 tfflwss
636 520 672 545 τ’
697 502 782 552 ihm
830 504 919 576 inter
943 501 1118 577 assiduam
1136 507 1364 601 agitationem
1382 505 1487 580 solu·-

164 586 244 620 Μ’·
765 691 771 703 1
831 603 963 673 tionem
977 598 1091 675 Calcis
1105 601 1227 675 salitae
1243 603 1388 698 (lisicia
1404 632 1490 678 ma·-

130 689 438 805 &optumum
461 692 643 741 mmm
668 708 701 735 ²
727 694 782 739 ⁴⁰¹·
833 702 895 770 tris
926 698 1072 773 sontium
1099 699 1312 795 salinorum)
1342 702 1487 791 instilla,

210 772 225 820 ⁸
334 790 341 802 '
861 795 1003 871 uarudiu
1013 799 1278 895 praecipitatum
1294 797 1417 870 album
1431 800 1487 872 ef-

131 890 236 966 SAL
273 888 615 968 ESSENTIALE
654 890 784 969 TAR-
880 897 954 969 itur'.
1011 894 1198 969 Solutionis
1223 895 1337 969 Calcis
1366 896 1488 971 salitas

130 989 269 1064 TARI.
320 988 607 1087 {beinlltiuldttto
666 990 785 1070 Atride
834 992 967 1089 aliquid
995 1017 1037 1065 su
1086 991 1237 1067 raddere
1266 1020 1339 1067 non
1365 1012 1489 1085 nocet,

99 1181 103 1189 Ι
195 1162 235 1195 x
360 1092 554 1189 terraique.
833 1089 897 1163 sed
916 1093 1034 1164 certitu
1062 1094 1154 1167 iuem
1172 1090 1489 1191 decompositionis

163 1213 288 1275 syroe:
310 1204 348 1259 t·
444 1206 622 1271 tartaricum,
638 1209 715 1261 uror
733 1216 787 1261 ro»
833 1192 939 1262 totius
954 1211 1076 1265 secum
1093 1189 1170 1263 fert

130 1272 255 1395 pegiggge
270 1274 436 1395 2⁸5}th
454 1274 638 1345 onoratur
672 1281 722 1329 δι’
739 1291 785 1327 ⁰⁸·
883 1287 1064 1363 Miscelaru
1085 1288 1207 1361 albam
1228 1284 1412 1361 turbidam
1431 1284 1489 1359 lac

131 1438 203 1505 Rec
257 1433 435 1505 Cremogg
478 1433 614 1504 Tartari
657 1431 785 1502 Libras
834 1384 1035 1474 subsidere,
1054 1384 1226 1459 decantha
1243 1385 1437 1483 liquorem,
1453 1386 1489 1455 in

205 1487 213 1505 ’
327 1528 537 1619 duodecim,
833 1484 977 1559 linteum
997 1508 1188 1582 expansum
1213 1486 1352 1580 conjice
1371 1498 1405 1555 et
1426 1506 1490 1555 se-

835 1580 1027 1655 dimentum
1047 1581 1232 1656 collectum
1249 1578 1375 1654 sedulo
1393 1605 1490 1678 aqua

834 1678 971 1753 fervida
991 1678 1082 1751 lava.

886 1781 1061 1875 Liquores
1093 1793 1331 1872 transgressos
1364 1776 1490 1872 rejice,

834 1874 892 1949 vel
939 1900 980 1947 ru
1001 1874 1079 1946 Sale
1097 1873 1133 1944 di
1160 1875 1270 1947 estivo
1287 1876 1401 1947 Srtvu
1419 1898 1491 1971 pa-
1519 1917 1523 1925 ·

835 1901 948 2046 randi)
968 1975 1002 2044 iu
1022 1898 1207 2069 crystallus
1225 1970 1359 2069 redige.

260 1630 385 1700 Cretae
432 1626 536 1700 albae
582 1625 785 1724 pulveratae

331 1726 458 1797 Libras
478 1743 638 1823 quatuor.

132 1829 168 1896 ln
199 1824 372 1919 sartagine
397 1848 525 1921 cuprea
555 1838 678 1895 stanno
708 1819 785 1891 ob-

134 1921 239 1992 ducta
260 1945 376 2017 aquae
393 1927 587 1993 communis
608 1918 785 1993 sufficien-

133 2036 205 2091 tem
227 2020 368 2115 copiam
389 2021 433 2114 (θ’
450 2044 501 2117 gr·
518 2018 696 2092 Crem⁰ri⁸
718 2021 785 2087 ω’
884 2062 1084 2144 Sedimenta
1102 2070 1211 2143 ambo
1227 2071 1345 2167 juncta
1367 2071 1402 2141 iu
1420 2093 1492 2166 pa·

132 2116 231 2216 Plum
249 2115 307 2189 Vel
326 2115 602 2215 quadmpluml’
621 2132 658 2188 nt
671 2139 787 2212 capa·
836 2174 943 2243 tiuam
956 2168 1159 2268 plumbeam
1171 2168 1229 2240 vel
1242 2166 1383 2242 fictilem
1392 2193 1491 2241 mtur-

132 2217 240 2288 citatis
317 2213 442 2287 adrans
472 2241 581 2287 vacua
608 2228 787 2286 remancat
883 2272 891 2285 ,
1209 2263 1243 2336 ‚d

132 2314 190 2386 lac
212 2313 284 2386 ebu
299 2313 380 2402 lire,
409 2316 609 2411 tum'iojice
631 2317 786 2384 Cremo·
835 2268 993 2384 Fhmam’
1020 2293 1126 2436 39²¹OE
1146 2266 1217 2363 lall¹
1246 2292 1323 2338 ⁰³¹¹]
1343 2282 1492 2355 V⁰⁰²¹¹¹r

1050 2365 1117 2439 rlue
1141 2389 1220 2439 cum
1247 2389 1361 2461 aquae
1385 2389 1492 2435 com-

132 2416 181 2484 ris
203 2415 339 2484 Tartari
365 2410 492 2484 Libras
513 2429 583 2484 tres
604 2426 638 2481 et
660 2412 786 2482 Cretae
835 2366 997 2481 ”millet
1072 2466 1079 2481 .
1242 2463 1292 2479 Η
1403 2463 1411 2478 .
1463 2463 1471 2478 ο

132 2510 277 2584 Libram
297 2537 414 2584 unam·
461 2515 556 2583 luter
570 2510 687 2582 lenem
705 2508 788 2675 af·
837 2490 954 2537 munis
969 2463 1160 2536 sufficiente
1169 2487 1272 2559 cupra
1282 2488 1315 2534 ru
1327 2460 1429 2560 pultis
1449 2460 1493 2532 lr-

132 2612 297 2682 tationem
329 2609 591 2683 effervescentia
621 2605 718 2680 subsi
745 2620 788 2678 at
837 2561 1147 2661 quidaesfflmam'
1167 2563 1492 2635 “interamnam

133 2710 232 2778 Tunc
262 2706 377 2780 denuo
403 2709 538 2779 Tartari
562 2706 688 2778 Libras
718 2720 787 2776 tres
837 2663 1062 2760 ³35¹ati⁰¹¹⁶¹¹¹
1080 2661 1208 2733 ⁸⁶⁰⁵lffl
1225 2657 1351 2731 lssSlfllfl

133 2819 169 2877 et
190 2806 315 2876 Cretae
336 2804 482 2878 Libram
501 2832 607 2879 unam
628 2805 731 2900 injice
754 2817 788 2874 et
886 2778 1362 2855 0105V5ffi0150fflffiffihffl⁸
1375 2797 1469 2853 θθῑθ·

133 2903 262 2974 iterum
281 2904 373 2996 agita
390 2902 504 2975 donec
523 2903 787 2976 effervescentia
836 2903 1019 2977 Miscclam
1036 2902 1159 3003 digere
1175 2902 1353 2975 lenissimo
1372 2900 1493 2974 calore

134 3002 331 3073 cessaverit
371 3003 449 3072 Hoc
466 3004 603 3072 tertium
618 3016 652 3073 et
672 3023 788 3098 quar·
837 3029 903 3101 per
936 3001 1011 3076 dies
1048 3001 1136 3074 duos
1171 2999 1348 3073 interdum
1379 3015 1492 3075 totam

133 3116 206 3171 turn
239 3115 363 3196 repete
400 3114 437 3171 ut
472 3100 622 3171 cremor
654 3100 787 3169 Tartari
837 3101 1012 3199 agincolo
1036 3099 1279 3199 ligneoanrea
1306 3096 1398 3169 bene
1419 3096 1493 3169 loto

134 3214 167 3270 et
193 3199 298 3269 Creta
328 3213 401 3269 tota
433 3199 584 3270 invicem
612 3221 690 3269 sese
716 3195 788 3267 de-
837 3201 1026 3296 exagitaos.
1063 3203 1147 3270 Post
1165 3195 1240 3268 dies
1256 3220 1317 3268 ser
1333 3194 1391 3266 vel
1408 3211 1493 3267 octo

133 3298 403 3392 composuerint
452 3295 634 3368 Miscelam
666 3293 786 3366 albam
836 3295 1008 3394 liquidum
1031 3299 1186 3368 innatans
1211 3291 1351 3366 effunde
1376 3310 1408 3367 ct
1430 3316 1494 3365 se-

133 3391 314 3467 turbidam
334 3394 403 3467 leni
422 3397 504 3493 igne
524 3394 609 3466 fove
630 3418 696 3491 per
716 3391 789 3463 ali·
838 3395 1028 3467 diruentum
1057 3396 1249 3491 (Gypsum)
1276 3417 1366 3490 aqua
1393 3389 1493 3478 lava,

133 3506 220 3586 quot
252 3489 380 3580 horos,
421 3510 557 3566 tentans
591 3488 788 3579 interdum,
837 3519 966 3590 aquarn
997 3490 1204 3565 lavatoriam
1226 3490 1356 3563 filtrato
1381 3514 1495 3587 supe·-

132 3604 247 3661 utrum
268 3587 390 3662 charta
410 3594 561 3664 Laeuius
579 3588 745 3663 coerulea
767 3615 787 3659 a
838 3593 924 3663 riori
934 3594 1095 3763 junggns.
1136 3592 1312 3688 Liquores
1328 3588 1495 3660 collectos

132 3686 273 3783 liquore
284 3693 319 3759 iu
333 3689 479 3761 rubrum
492 3705 657 3762 vertatur,
683 3687 789 3779 Quod
839 3688 995 3763 ebullicu
1086 3692 1122 3760 in
1163 3689 1279 3785 patina
1321 3684 1496 3785 plumbeo

131 3787 161 3857 si
193 3783 232 3856 fit
244 3837 255 3874 ,
289 3789 415 3859 Cretae
445 3813 540 3861 nova
571 3785 790 3885 portiuncula
839 3812 1027 3874 consume,
1068 3784 1182 3859 donec
1219 3783 1357 3884 pondus
1394 3808 1494 3882 spec.

132 3882 323 3980 adjiciatur.
398 3889 504 3958 Creta
546 3887 680 3982 optime
718 3910 790 3981 ope
844 3911 948 3975 1‚210
972 3885 1143 3973 habeant,
1170 3900 1244 3955 tum
1268 3881 1497 3980 refrigescant

132 3982 240 4055 cribri
275 3984 375 4079 parvi
414 3984 449 4054 iu
482 3982 659 4082 liquidum
697 4006 790 4055 cou-
840 4001 874 4056 et
897 3982 1164 4057 decanthationc
1184 3997 1291 4079 atque
1309 3979 1496 4052 filtrationc

131 4083 321 4179 spergitur.
840 4108 860 4155 a
888 4080 1085 4156 sedimento
1117 4104 1255 4180 gypsea
1285 4077 1402 4153 denuo
1432 4103 1497 4149 err-r

181 4178 790 4266 Sedimentumsiuesubsidere,tum
840 4196 939 4253 creto
960 4197 1177 4278 separentur.

133 4272 309 4370 liquidum
332 4276 391 4349 lim
421 4275 519 4349 idum
541 4276 699 4369 effunde,
728 4300 792 4350 se-
854 4333 856 4339 ,
905 4282 1201 4376 Evaporationem
1233 4301 1325 4350 nunc
1359 4274 1497 4370 absque

134 4369 327 4447 dimentum
359 4301 489 4474 collige
518 4378 552 4446 in
584 4376 691 4448 linteo
723 4402 792 4447 ex·
841 4376 1049 4450 ebullitione
1069 4381 1104 4449 io
1123 4377 1255 4449 balneo
1276 4399 1390 4473 aquae
1409 4395 1499 4469 per·-

133 4492 263 4640 panso,
294 4486 328 4545 et
349 4499 441 4572 aqua
467 4473 607 4549 fervida
633 4474 790 4572 inspersa
826 4496 907 4574 ge,
931 4472 1045 4548 donec
1064 4473 1173 4574 pond.
1190 4497 1287 4570 spec.
1310 4471 1417 4560 r‚38lr
1437 4466 1498 4539 la·-

161 4592 227 4639 ene
242 4566 333 4640 lava.
382 4579 504 4671 Aquas
518 4572 708 4646 lavatorias
724 4597 792 4644 una
841 4592 937 4646 ctum
961 4573 1078 4662 suerit,
1107 4578 1130 4647 i.
1149 4598 1179 4643 c.
1202 4569 1248 4640 ad
1271 4565 1500 4669 pelliculam

133 4690 217 4739 curn
233 4664 372 4763 liquore
387 4671 422 4741 in
442 4673 653 4772 sartaginem
667 4670 791 4745 refun-
841 4697 933 4745 nunc
956 4688 1027 4745 tota
1051 4670 1236 4765 refrigerio
1263 4682 1297 4738 ct
1319 4662 1500 4760 crystalli-

134 4763 181 4838 de
202 4779 238 4838 et
263 4761 397 4837 calefac
419 4766 466 4839 ad
484 4769 729 4845 ebullitionem
757 4786 792 4845 et
841 4774 965 4847 sationi
985 4769 1184 4845 transmitte.
1233 4768 1317 4840 Post
1336 4761 1412 4839 dics
1428 4778 1498 4842 tres
