3550 5417
289 263 362 340 ns
384 258 687 335 cfflttolDtNUM
706 296 755 310 -
773 255 1054 329 cuneorum
1071 276 1133 328 seu
1146 254 1416 338 suoconnrn
1437 211 1659 377 nunnius

287 439 392 502 addito
407 439 542 520 pauxillo
559 438 685 535 spiritus
706 436 822 498 vitrioli
841 435 940 497 eeler-

286 524 363 582 rime
390 521 542 605 liquorem
564 521 615 580 hm
640 518 725 579 idum
757 517 858 579 Chinii
881 517 942 578 sul·

285 603 408 700 phurici
437 601 517 664 ncidi
543 541 697 682 praeheat.
735 599 768 660 Si
798 598 941 661 Chinium

287 703 316 744 m
333 683 541 747 comburendo
558 685 694 744 sinerem
708 681 869 765 relinquit,
892 680 942 741 vel

287 768 403 828 sicum
424 788 439 826 a
462 786 519 844 on,
548 763 594 825 uti
618 772 843 838 memoratum,
865 762 943 823 mix·

286 859 371 925 tum,
406 847 441 908 nd
468 849 510 908 'to
535 845 645 930 spiritu
671 843 786 906 vitrioli
807 864 867 904 non
887 863 942 926 pe·

287 930 369 990 nitus
395 930 549 1005 solvitur,
583 926 761 1004 rejiciatur3
788 945 886 1006 porro
917 924 942 985 si

286 1010 368 1079 Oleo
401 1008 527 1073 Vitrioli
557 1005 757 1068 madefactum
789 1019 942 1086 tempera-

286 1101 355 1151 tura
372 1090 527 1151 ordinaria
542 1089 680 1149 colorem
706 1086 836 1148 rubrum
859 1107 943 1148 assu·

286 1173 359 1247 mit,
382 1171 497 1252 pariter
515 1181 549 1229 ut
565 1169 701 1231 Solicino
720 1168 943 1247 adulteratum,

285 1250 521 1316 removendum.

332 1337 423 1396 Usus:
444 1333 477 1391 ln
518 1331 628 1396 uivere
647 1329 795 1394 saccharo
819 1330 945 1410 tritum,

286 1414 317 1472 in
342 1411 441 1488 bolis,
462 1353 565 1494 piiutis
585 1423 664 1492 oet.;
684 1414 711 1475 ai
731 1414 870 1475 mixturis
890 1414 942 1473 ad-

286 1492 421 1554 miscere
441 1500 502 1569 vis,
531 1493 654 1554 acidum
692 1494 846 1569 uoddam,
867 1514 896 1554 e.
912 1514 954 1575 g.¹

286 1575 356 1636 salis
369 1575 420 1635 vel
435 1573 645 1656 sulphuricum
660 1516 774 1638 nidere
790 1573 895 1655 debes,
908 1587 944 1638 ut

285 1655 404 1718 facilius
420 1657 567 1719 solvatur.

317 1770 553 1821 cfllNotDtNUtn.
572 1764 717 1836 §hinnibili
737 1764 894 1818 curboilum
910 1795 941 1810 .-

250 1865 253 1874 1
285 1836 340 1884 lloc
354 1836 458 1883 nomino
470 1835 624 1913 intelligitur
639 1853 714 1886 mam
732 1838 864 1901 quaedam,
879 1853 943 1900 quae

285 1901 312 1946 in
332 1900 461 1963 paratione
481 1899 569 1950 Chinia
588 1900 731 1965 sulphurici
752 1903 890 1951 obtinetur.
909 1929 942 1941 -

285 1965 366 2013 niort·
390 1961 446 2031 (bit
464 1963 657 2031 ultuttntnuqr)
676 1966 762 2016 Chinii
782 1966 943 2029 sulphur-iel,

286 2043 348 2092 quae
358 2032 513 2094 evaporando
525 2043 576 2079 non
589 2030 699 2096 amplius
707 2030 827 2079 chinium
840 2030 943 2096 rulphu·

286 2097 368 2142 rictam
391 2095 584 2158 crystalliaatum
607 2097 721 2160 praebet,
736 2095 846 2144 diluitur
861 2113 943 2161 aqua,

286 2159 407 2223 quamdin
427 2160 617 2271 praecigitatum
636 2161 738 2222 nigrum
754 2162 894 2210 minorum
910 2178 944 2210 ae·

286 2225 410 2282 connitum
429 2234 491 2278 tnnc
524 2225 615 2273 ltratur
629 2237 653 2273 et
664 2226 760 2290 liquori
772 2226 842 2274 claro
853 2227 943 2275 adoaia·

286 2302 357 2337 cetur
367 2289 693 2342 tamdiuSolutioCinerum
702 2291 943 2357 clarellat.‹lcpuret.

286 2353 324 2402 rel
337 2353 399 2403 Salia
412 2354 498 2414 Sodae,
512 2357 633 2418 quamdiu
665 2356 839 2421 raecipitatum
851 2358 942 2407 enasci·

288 2430 345 2480 tur,
368 2420 434 2480 quod
453 2420 479 2469 iu
495 2436 558 2483 aqua
583 2422 639 2485 frigi
688 2423 751 2471 beue
765 2422 896 2480 abluitur,
914 2424 941 2471 in

286 2484 376 2532 balneo
393 2484 488 2534 Mariae
503 2486 599 2548 penitus
611 2487 750 2536 exsiccatur
763 2498 790 2536 et
803 2489 831 2536 in
840 2488 942 2537 cistulaa

285 2548 471 2598 aurneinan-
482 2550 622 2598 obtinetur
636 2552 711 2600 etiam
722 2553 749 2600 in
763 2556 876 2616 parando
885 2554 943 2601 Cin·

286 2612 380 2662 chonio
396 2615 429 2677 (p.
443 2617 526 2674 ιω),
544 2614 564 2662 ai
580 2615 662 2664 muria
676 2631 725 2664 non
742 2618 942 2680 crystalliaabilis

285 2680 368 2730 Acilio
379 2678 528 2743 sulphurico
541 2691 667 2732 saturatur
675 2694 699 2729 et
709 2682 830 2733 Chiniuru
840 2683 943 2748 sulphu-

284 2743 370 2792 iteum
388 2745 492 2796 forsitan
515 2744 574 2793 iude
596 2746 738 2809 deperitura
756 2760 899 2813 separatur,
917 2761 943 2798 et

288 2808 373 2871 liquor
397 2819 505 2866 restam,
523 2809 561 2872 uti
580 2811 655 2859 modo
676 2825 858 2875 memoratum,
882 2826 943 2863 trac·

287 2884 363 2922 tatur.
372 2874 491 2922 -Masea
501 2875 583 2933 lusca,
599 2877 721 2937 resinosa,
737 2879 832 2939 nitens,
846 2880 943 2928 subdia·

286 2937 384 3002 phana,
398 2939 558 3003 Colophonio
570 2940 670 3000 similis,
685 2942 781 3007 fragilis
791 2956 816 2992 et
825 2945 944 3005 friabilis,

287 3004 428 3054 triturando
443 3004 570 3067 pulverem
583 3007 683 3055 sordide
694 3009 865 3059 imno-flavum
875 3028 941 3075 prae·

288 3069 361 3130 bens,
379 3086 467 3133 sapore
479 3086 607 3133 peramato
622 3072 722 3132 enimi,
742 3074 885 3124 insolubilis
894 3080 944 3126 lere

287 3134 944 3265 {tftitltllttl“iiiiii'illiniti‘

546 3233 554 3258 ‚
936 3232 944 3244 .

287 3264 382 3314 calium
396 3267 473 3314 modo
489 3266 566 3330 reagit
579 3279 602 3314 et
615 3268 688 3317 facile
703 3270 808 3320 solvitur
820 3274 848 3320 in
863 3240 944 3335 aqua,

287 3330 360 3377 acido
375 3329 521 3393 sulphurico
530 3341 576 3378 cet.
590 3333 729 3392 acidulata3
743 3338 944 3386 combinationes

287 3395 451 3442 amarissimae
464 3410 522 3441 cum
540 3394 620 3444 acidis
632 3400 748 3459 praebet,
765 3401 881 3450 facultate
893 3418 944 3466 cry·

289 3457 374 3505 stallos
385 3458 512 3506 formandi
525 3470 643 3507 carentes.
656 3463 774 3512 Ceterum
783 3481 842 3513 cum
850 3467 943 3517 Chiuio

288 3532 313 3569 et
325 3522 417 3585 partim
431 3538 490 3571 eum
503 3521 645 3571 Cinchnnio
658 3530 820 3591 congruit-
830 3531 943 3580 Miscella

288 3599 326 3635 eat
341 3587 429 3634 Chinii
443 3598 468 3637 et
483 3585 620 3637 Cincbouii
634 3604 692 3639 cnm
708 3595 817 3644 materiis
829 3598 945 3647 eminetis

289 3651 497 3701 lusco-coloratis.
514 3676 542 3687 -
565 3654 594 3702 V
593 3655 628 3703 it:
646 3657 732 3706 Chinii
751 3671 777 3708 et
794 3662 946 3726 Ciuchouii,

289 3733 386 3780 semper
397 3728 479 3766 autem
493 3715 576 3765 minut
589 3731 664 3768 oerta.
677 3749 710 3758 -
725 3726 803 3776 Usus:
820 3729 899 3778 idem.
912 3755 943 3768 -
975 3755 978 3762 .

290 3782 329 3830 Sit
338 3798 421 3892 ²¹¹⁸,“'.
431 3797 502 3847 snpra
511 3793 541 3831 ut
553 3782 632 3861 bonae
648 3799 721 3836 notae
736 3792 866 3859 descripta,
875 3796 945 3844 arida

290 3849 801 3982 tantilli·:tt‘tltlssttltf
810 3862 905 3975 2¹:123:
907 3879 945 3976 ”t

290 3992 354 4053 aqna
369 3978 502 4037 acidulata,
514 3980 573 4042 igne
584 3982 682 4044 penitus
692 3989 857 4039 comburatur
866 4003 892 4040 et
901 3994 946 4042 mi·

291 4057 359 4089 nante
373 4042 467 4091 cineres
481 4042 615 4106 relinquat.
632 4047 787 4101 Productum
800 4057 891 4119 utique
901 4060 946 4106 im·

309 4123 386 4220 ιιτὲιιη
400 4120 425 4157 et
445 4107 591 4171 inaequale,
614 4127 666 4161 non
683 4115 731 4164 nini
750 4123 862 4170 restricte
877 4125 947 4172 adbi-

307 4187 336 4220 eu
357 4190 408 4221 um.

323 4260 474 4311 cubottas
491 4282 512 4312 v.
530 4281 643 4331 quaeque
659 4273 762 4324 noerius
778 4277 886 4326 Barium.

233 4353 241 4360 '
323 4349 529 4402 cumrerum
567 4371 609 4403 seu
643 4360 886 4415 CHDORURETUM
920 4380 946 4417 et

292 4415 490 4493 cuboutnttttt
510 4435 532 4466 r.
546 4435 657 4497 quaeque
672 4427 774 4476 nomina
792 4430 890 4482 nauum
907 4431 945 4482 tel

291 4495 394 4529 nomana
408 4494 514 4546 antiqua
531 4496 670 4545 usitatiore.

324 4583 595 4668 †CHLORUM,
628 4593 859 4660 Chlorinum
888 4619 945 4663 seu

248 4723 252 4727 Α
292 4663 504 4746 Chlorina,
532 4671 607 4760 Gne
637 4674 792 4757 Chlori,
822 4681 944 4744 Helo·

292 4750 945 4845 genium,Murigenium,hiiroxy·

991 434 1238 495 muriaticus.
1276 442 1318 496 tte
1335 443 1603 516 ceteriaaynouymis
1623 463 1649 497 v.

991 513 1012 563 A
1038 526 1073 562 ua
1090 507 1185 564 Chlori
1203 509 1250 581 [p.
1288 507 1351 581 ,.]).
1544 573 1551 587 ι

1050 567 1173 628 btinetui
1184 570 1385 628 introducendo
1392 574 1448 627 Gas
1455 572 1561 641 Chlori,
1570 571 1647 645 quot

991 639 1118 708 elicitur,
1143 640 1183 693 uti
1206 636 1241 692 ad
1263 641 1287 692 A
1311 655 1374 691 uam
1398 638 1494 693 Chlori
1517 639 1647 694 edoctum

991 715 1047 772 est,
1069 701 1204 785 mnfllante
1227 655 1326 757 subulo
1344 704 1534 782 pneumatico,
1557 705 1584 758 in
1607 705 1646 757 la·

991 767 1646 913 tiresum,teruennenses:

992 912 1122 955 turantur
1139 903 1250 975 lagenae
1268 911 1297 954 et
1309 910 1457 954 servantur
1472 902 1534 954 loeo
1545 898 1646 981 frigido

992 969 1173 1021 obscuro-
1192 968 1250 1021 hir
1269 963 1372 1037 pallide
1387 965 1490 1034 ssavus,
1509 965 1647 1019 subi-ires·

992 1049 1074 1099 oens,
1090 1031 1176 1085 odore
1197 1039 1360 1103 penetrante
1378 1030 1547 1098 suffocante,
1563 1029 1647 1103 pond.

991 1115 1065 1171 spec.
1077 1099 1127 1164 n,5,
1143 1100 1190 1150 aer
1204 1094 1437 1168 utmosphaerieus
1449 1116 1490 1151 =
1501 1097 1648 1167 r-positusa

992 1161 1647 1296 ‘elisisti‘“titttligttitli535·

990 1293 1087 1367 jungit.
1101 1322 1134 1335 —
1152 1245 1246 1344 Poridi)
1276 1294 1324 1342 brt.
1340 1287 1456 1355 camini.
1479 1322 1509 1334 -
1532 1291 1647 1344 Etcum

992 1357 1133 1432 Orygenio
1146 1367 1244 1411 etcum
1252 1353 1429 1428 Hydrogenio
1441 1352 1518 1408 acida
1529 1356 1648 1427 propria

991 1427 1099 1479 format.
1113 1462 1142 1472 -
1156 1423 1217 1475 issi:
1237 1420 1314 1474 valde
1329 1418 1468 1474 damnosa.
1485 1421 1540 1473 Per
1551 1436 1580 1474 se
1591 1439 1647 1474 nou

991 1489 1106 1544 inhalari
1128 1497 1235 1568 potest,
1252 1486 1279 1539 in
1294 1502 1381 1557 parva
1398 1495 1450 1548 iam
1471 1483 1529 1538 doni
1552 1487 1648 1540 tussim

993 1554 1250 1609 vehementissimam
1264 1562 1292 1605 et
1306 1551 1385 1604 facile
1394 1551 1581 1623 haemoptysin
1594 1561 1647 1605 cet.

992 1622 1120 1675 efficiens.
1135 1623 1191 1690 (Do
1201 1617 1298 1672 ceteris
1307 1615 1525 1688 proprietatibus
1534 1617 1646 1689 iniqua

992 1683 1088 1741 Chlori
1104 1705 1132 1757 p.
1148 1685 1203 1754 58.)
1223 1716 1256 1729 -
1276 1683 1357 1735 Usus:
1382 1682 1425 1736 nd
1446 1682 1584 1734 miasmnta
1602 1680 1648 1735 (le-

990 1749 1130 1806 struenda.
1147 1753 1196 1820 (V.
1213 1747 1294 1802 etiarn
1310 1747 1512 1821 Fumigationos
1530 1748 1647 1801 Garma-

989 1817 1356 1884 uas,Gorro·Monv1anau,
1369 1814 1551 1878 Seuerianus,
1565 1817 1646 1886 Aqua

991 1881 1088 1936 Chlori
1101 1891 1129 1935 et
1138 1879 1262 1935 Calcaria
1276 1878 1403 1932 chlorosa
1418 1897 1445 1950 p.
1454 1880 1520 1958 aql.)
1531 1879 1646 1932 [ostatu

991 1944 1646 2025 dilutissimocumaereatrnuosphaencoetaquae

989 2008 1499 2147 {ltili{utilit-‘iltutus‘
1505 2020 1646 2129 tillim·

1024 2188 1188 2240 CHLORUM
1204 2187 1371 2250 LlQUtnum
1388 2202 1410 2232 r.
1423 2188 1494 2248 Aqua
1510 2184 1606 2234 Chlori.

991 2277 1211 2335 cflocotnnn,
1238 2273 1436 2322 cuocobn'rn
1461 2291 1503 2321 seu
1526 2275 1646 2324 Succo-

992 2341 1062 2391 lata
1080 2343 1156 2391 alba
1173 2344 1302 2394 Pisanum·
1321 2331 1408 2398 isstlfit
1420 2333 1566 2404 ibotolubt.
1583 2335 1648 2386 slw‘

1206 2400 1296 2451 colade
1309 2399 1423 2452 blanche.
1460 2447 1464 2454 .

1023 2470 1080 2519 uec.
1108 2471 1191 2518 Pastae
1205 2470 1348 2526 carnotinae
1364 2471 1427 2519 Unc.
1445 2482 1569 2534 quatuor,
1585 2472 1645 2519 uad.

991 2534 1070 2597 Salep.
1086 2535 1153 2583 subt.
1169 2535 1237 2600 puls.
1255 2537 1316 2583 chv
1330 2551 1387 2595 aea,
1403 2539 1488 2598 Aquae
1498 2540 1568 2585 Une.
1580 2548 1646 2585 octo.

991 2600 1077 2661 Coqua
1101 2600 1189 2666 exiguo
1213 2602 1270 2664 igue
1295 2616 1337 2665 per
1363 2602 1514 2648 semihoram
1534 2613 1560 2648 et
1582 2602 1648 2649 adde

991 2664 1079 2713 Sacch.
1101 2666 1150 2711 alb.
1167 2668 1230 2714 Unc.
1244 2678 1369 2729 quatuor,
1393 2666 1477 2714 Farin.
1496 2666 1568 2714 albae
1585 2685 1609 2730 q.
1625 2684 1646 2717 a.

992 2731 1065 2778 Fiant
1088 2729 1194 2779 tabellae
1214 2733 1291 2795 poni.
1314 2729 1490 2793 semiunciae,
1516 2736 1580 2796 qua'e
1602 2731 1648 2779 sic·

992 2807 1088 2844 centur.

1091 2886 1296 2934 CHOCOLADA
1312 2887 1548 2936 stertentium.

1026 2952 1081 2998 Rec.
1099 2954 1207 2999 Mercur.
1222 2951 1289 3001 subl.
1303 2954 1422 3000 corrosivi
1438 2954 1515 2999 Gran.
1530 2949 1648 3000 sedecim.

992 3016 1064 3066 Solve
1078 3017 1104 3064 in
1120 3034 1139 3065 a.
1155 3033 1179 3078 q.
1193 3017 1302 3079 Spiritus
1317 3019 1448 3065 Frumenti
1463 3029 1489 3064 et
1502 3017 1566 3064 adde
1581 3015 1646 3064 bala.

993 3082 1080 3130 Perus.
1097 3083 1189 3144 liquidi
1206 3084 1268 3129 Une.
1283 3082 1369 3138 semis,
1386 3086 1471 3131 Pastae
1481 3093 1573 3130 cacam.
1584 3084 1647 3130 Une.

993 3147 1198 3207 quatuordecim,
1225 3146 1313 3194 Sacch.
1333 3147 1385 3195 alb.
1405 3148 1472 3212 pulv.
1493 3149 1557 3196 Une.
1575 3148 1645 3195 duas.

992 3213 1141 3260 Molloecant
1156 3212 1205 3258 leui
1221 3212 1304 3259 calore
1317 3213 1368 3261 aub'
1379 3226 1495 3277 perpetua
1510 3212 1648 3278 agitatione

993 3288 1019 3324 et
1039 3277 1164 3325 dividatur
1181 3293 1291 3340 quaeque
1310 3278 1386 3326 Libra
1404 3278 1432 3326 iu
1453 3281 1520 3326 Part.
1545 3279 1647 3341 triginta

994 3341 1061 3388 duan.
1073 3342 1184 3388 -Dosis
1200 3343 1285 3390 Portio
1299 3354 1385 3406 quarta
1400 3344 1431 3390 atl
1446 3343 1515 3390 duas.
1525 3370 1556 3381 -
1570 3343 1648 3390 Meui-

993 3417 1137 3454 camentam
1152 3422 1211 3454 mox
1227 3406 1335 3456 alterans
1348 3425 1397 3456 non
1414 3408 1579 3472 probandum.

994 3492 1255 3559 CHOCOLADA
1303 3516 1359 3557 seu
1403 3493 1648 3559 SUCCOLATA

994 3574 1247 3640 nuounrtcn.
1260 3573 1552 3659 Crourictotolotn
1570 3581 1646 3642 Cno-

1157 3664 1263 3722 eoloda
1280 3665 1477 3741 oromatique.

1026 3732 1093 3787 lien
1119 3734 1217 3789 Pastae
1233 3736 1389 3790 carnotinae
1405 3746 1433 3790 et
1445 3734 1577 3792 §ancheri
1592 3731 1649 3785 albi
1743 3771 1745 3774 .

994 3797 1069 3871 pulv.
1080 3807 1105 3859 Γ.
1112 3800 1190 3855 Libr.
1203 3799 1281 3855 duas.
1298 3803 1411 3856 Tritura
1421 3802 1447 3855 in
1458 3801 1647 3855 abenoferreo

994 3865 1086 3944 asupio
1099 3865 1205 3920 modice
1217 3867 1349 3921 calefacto
1366 3866 1469 3939 pistillo
1488 3866 1582 3918 ferreo
1599 3862 1647 3939 ⁸rel

994 3930 1104 4002 lapideo
1120 3929 1273 3998 durissimo,
1289 3930 1376 3984 donec
1390 3931 1482 3984 intimo
1496 3927 1576 3981 mixta
1585 3935 1647 4002 suit,

995 4005 1023 4048 et
1036 4012 1151 4050 massam
1164 3997 1353 4068 pultiformem
1364 3993 1564 4048 subtilissimam
1576 3990 1648 4045 exhi·

993 4059 1088 4128 beant,
1097 4072 1163 4115 tune
1174 4060 1327 4114 addePulv.
1339 4059 1467 4113 subtiliss.
1478 4056 1647 4112 Cinnamomi
1752 4091 1761 4110 .

996 4126 1063 4180 Une.
1088 4125 1181 4191 semis,
1207 4124 1386 4196 Ceryophyll.
1414 4124 1544 4178 Draebm.
1569 4120 1646 4177 (luas.

995 4190 1130 4243 Omnibus
1145 4191 1214 4243 bene
1225 4189 1313 4244 mixtis
1328 4189 1454 4244 massaio
1468 4190 1570 4243 formas
1584 4205 1648 4241 con·

993 4253 1079 4306 sectas
1093 4272 1126 4307 er
1139 4254 1243 4309 laminis
1260 4256 1373 4321 ferreis,
1390 4266 1487 4308 uanno
1503 4252 1647 4322 obductis,

993 4318 1169 4389 purissimus,
1190 4318 1279 4375 librae
1300 4338 1370 4393 ope,
1392 4318 1515 4392 pondere
1536 4318 1648 4373 delinito

994 4381 1131 4438 dividatur
1154 4395 1182 4438 et
1202 4385 1308 4440 formae
1326 4385 1416 4440 statim
1440 4386 1648 4453 concutiantur,

994 4446 1082 4503 donee
1091 4449 1249 4505 Choeolada
1260 4453 1435 4522 superficiem
1450 4453 1558 4523 planam
1572 4467 1648 4505 acce-

1016 4515 1082 4582 erit;
1099 4515 1260 4588 refrigerata
1274 4518 1408 4571 eximatur
1417 4528 1444 4572 et
1459 4518 1554 4571 charta
1562 4517 1649 4569 obvo-

993 4532 1052 4635 lau
1064 4594 1199 4638 servetur.
1213 4615 1242 4627 -
1256 4583 1299 4638 Sit
1310 4599 1398 4637 masse
1413 4584 1590 4656 homogenaea,
1602 4582 1649 4636 mi·

993 4645 1065 4699 nime
1082 4646 1222 4718 glareosa,
1239 4646 1326 4702 odore
1361 4660 1420 4704 rate
1440 4648 1589 4703 aromatico
1607 4647 1646 4701 uti

992 4720 1021 4830 gt
1038 4728 1148 4790 sapore.
1169 4742 1202 4755 -
1227 4716 1310 4769 Usus:
1337 4668 1393 4770 §ro
1412 4726 1482 4789 potu
1500 4712 1647 4769 ordinatur

1012 4787 1146 4833 raetetnn.
