3550 5417
333 255 409 339 aaa
448 257 624 334 ructes
638 245 842 336 naumis
862 302 914 321 --
931 266 1066 342 reon
1080 271 1210 349 anun.
1225 274 1304 353 vis
1320 280 1697 385 umunsffrsusrr

333 428 544 511 ssuttra
579 420 842 532 BllNztll'is.
895 438 989 522 bata

334 530 530 629 pallantea.
580 531 722 611 Fleurr
744 537 793 612 de
813 536 988 640 Berejos‘n.

366 627 489 694 dynam:
511 624 612 679 Floret
626 629 773 698 bertuini,
789 628 907 685 Aridum
923 632 990 689 ben·

334 687 453 756 scitum,
469 688 517 744 Sel
531 689 639 745 aeidum
652 694 695 747 rel
706 695 989 757 monasteriensem.

332 754 512 827 brutalium,
537 759 696 830 ucleatiitbet
715 765 870 836 Qagaelata.
900 771 988 823 Aside

329 823 490 892 lassetque.

329 892 414 965 Rea.
425 894 865 992 BemoiisLibramunam3
877 925 988 1000 grus-

378 990 534 1065 siuscule
545 990 766 1091 pulveratam
782 999 987 1098 aequabili-

377 1103 435 1161 ter
454 1105 570 1162 sterne
587 1091 623 1163 in
639 1091 752 1167 fundo
773 1095 882 1194 plano
903 1122 987 1171 sar-

378 1188 505 1283 taginis
518 1186 653 1263 ferreae
670 1192 857 1284 rotundae,
872 1195 986 1294 polli-
1034 1228 1053 1281 1,
1071 1231 1081 1284 t

379 1307 439 1356 ces
462 1301 542 1359 octo
569 1286 617 1360 ad
643 1313 776 1363 novem
804 1292 985 1386 diametri,

378 1408 487 1455 unam
506 1382 554 1457 ad
575 1383 662 1459 duas
683 1386 868 1464 altitudinis
885 1419 985 1466 eme·

377 1482 502 1555 tieutis.
551 1485 663 1583 Supra
689 1491 875 1587 sartaginis
905 1494 986 1563 ori—

375 1576 496 1652 ficium
513 1578 673 1655 chartam
691 1583 853 1660 bibulam
868 1586 984 1662 laxio-

374 1678 422 1749 ris
437 1693 593 1754 texturae
609 1682 655 1754 ita
672 1684 842 1779 expande,
855 1703 892 1760 ut
909 1690 983 1787 ejus

373 1779 553 1875 margines
567 1802 675 1877 supra
685 1788 897 1883 sartaginem
914 1813 983 1860 er-

374 1889 472 1946 terne
490 1876 622 1973 glutine
640 1881 823 1977 amylaceo
849 1884 982 1982 agglu-

374 1971 533 2046 tinentur.
576 1976 694 2079 Supra
712 1983 922 2079 sartaginem
948 2000 982 2056 et

375 2065 535 2143 chartam
554 2097 746 2175 expansam
770 2103 898 2151 conum
920 2081 979 2155 vel

375 2164 575 2263 cylindrum
619 2168 847 2249 chartaceum
885 2202 980 2253 con-

371 2279 487 2356 strue,
512 2292 533 2341 e
555 2265 676 2343 charta
699 2270 872 2350 densioris
895 2292 979 2350 tex-

371 2378 474 2437 turae
510 2390 533 2439 o
563 2392 584 2439 e
625 2365 764 2467 glutinis
806 2373 978 2471 amylacei

371 2460 512 2560 absque
534 2390 709 2539 bramiue
732 2468 809 2544 ullo
826 2473 977 2548 coniec-

370 2573 464 2649 tum,
488 2586 595 2659 quem
616 2562 764 2639 funiculi
781 2592 853 2668 ope
867 2594 975 2675 supra

368 2661 553 2757 sartaginis
572 2663 726 2758 parietes
749 2663 888 2742 fortiter
914 2669 974 2743 al-

369 2752 451 2853 liga,
508 2761 726 2857 sartaginem
771 2763 830 2837 tali
852 2767 972 2842 ‘modo

366 2872 617 2955 praeparatam
637 2860 673 2931 in
698 2859 866 2937 laminam
894 2865 973 2941 ser-

366 2975 476 3045 ream,
485 2978 613 3029 arenae
625 2972 737 3032 strato
747 2963 971 3062 intersperso,

366 3044 513 3155 impbne
544 3069 579 3127 et
605 3052 724 3130 leuem
751 3060 869 3159 ignem
903 3062 969 3136 sub

364 3145 496 3223 lamina
511 3151 678 3245 incende,
703 3181 810 3256 quem
831 3186 970 3260 aequa-

363 3243 483 3323 biliter
505 3276 573 3352 per
601 3248 711 3326 boras
738 3273 889 3353 quatuor
921 3258 968 3332 sd

363 3368 425 3417 sex
443 3362 605 3421 sustenta.
643 3354 726 3424 Post
747 3353 967 3456 refrigerium

362 3456 471 3515 totam
509 3444 790 3544 suppellectilem
829 3479 966 3530 summa

360 3537 410 3610 ad
439 3543 551 3614 imum
577 3548 734 3638 inverte,
775 3550 965 3628 funiculum

360 3633 534 3730 dissolve,
560 3658 595 3716 et
609 3643 804 3741 cylindrum
822 3648 966 3727 charta-

359 3759 461 3811 ceum
480 3738 590 3832 aufer,
603 3744 639 3815 in
650 3769 723 3844 quo
734 3746 965 3825 FloresBeu-

355 3836 448 3909 auiis
464 3842 631 3942 reperies.
688 3843 773 3920 Vis:
801 3852 964 3939 nervius,

1038 429 1070 491 in
1091 432 1249 498 cochleari
1273 441 1432 522 expositae
1447 458 1529 514 totae
1556 453 1588 514 in
1603 476 1695 521 auras

1038 513 1163 578 avolent
1180 520 1346 600 vaporibus
1369 528 1446 591 albis
1467 528 1693 601 insssmmabili-

1038 593 1107 671 bos,
1121 602 1375 668 sternutationem
1391 623 1424 674 et
1437 614 1541 678 tussim
1553 622 1692 683 excitab-

1039 677 1130 740 tibus.
1136 681 1223 743 Part.
1231 695 1344 749 constit.
1352 690 1507 757 Carbouei
1517 702 1692 784 14,Hydro·

1037 762 1121 841 genii
1140 765 1352 909 ro,·Oxygcuii
1361 773 1392 852 3,
1405 781 1461 862 bq.
1473 799 1483 838 ι
1496 783 1594 848 Pond.
1605 787 1690 851 elixa

1081 846 1171 909 Usus.-
1192 867 1222 907 tn
1250 870 1266 909 a
1296 854 1415 919 actibus
1436 863 1574 943 pectoris
1597 870 1691 949 pitui-

1036 925 1131 1003 tosis,
1162 929 1313 1005 asthmata
1338 940 1512 1021 pituitoso,
1543 952 1690 1015 catarrho

1034 1005 1243 1092 suffocativo,
1263 1014 1407 1082 incertae·
1418 1044 1489 1092 sane
1504 1030 1688 1118 plerumque

1034 1086 1202 1179 efficaciae.
1239 1097 1346 1163 Dosise
1366 1103 1468 1172 Graus
1489 1109 1548 1174 tria
1566 1115 1603 1176 ad
1621 1136 1687 1180 sex.

1066 1164 1128 1221 Sint
1141 1171 1247 1247 ,stores
1269 1176 1390 1234 Berroia
1413 1181 1449 1236 ab
1470 1189 1534 1243 oleo
1555 1191 1687 1249 aethereo

1055 1245 1182 1288 asamsco
1198 1253 1253 1292 uon
1269 1243 1379 1298 omuino
1395 1247 1476 1306 liberi
1492 1270 1544 1309 nec
1558 1256 1636 1314 nimis
1646 1260 1686 1316 ia·

1033 1297 1146 1368 quincti,
1165 1300 1320 1361 &cundum
1333 1322 1454 1369 nostram
1471 1319 1630 1379 methodum
1640 1343 1686 1382 va-

1034 1377 1117 1431 peres
1130 1365 1255 1423 benaoiui
1276 1369 1341 1454 dum
1357 1376 1480 1456 chartam
1497 1385 1621 1444 bibulam
1638 1409 1687 1466 pc-

1033 1438 1160 1499 netrant,
1176 1434 1212 1487 ab
1231 1436 1285 1516 oles
1302 1458 1383 1520 nimia
1401 1450 1480 1520 copia
1493 1450 1528 1506 de
1551 1469 1685 1541 agantur,

1033 1507 1107 1615 guae
1120 1514 1136 1551 a
1150 1498 1244 1555 charta
1258 1505 1417 1579 imbibitur,
1434 1531 1523 1587 quare
1536 1521 1575 1574 ills
1595 1525 1686 1580 caude

1052 1561 1134 1616 issimi
1146 1564 1295 1636 prodeunt.
1312 1572 1412 1630 Floret
1423 1578 1450 1633 in
1467 1585 1597 1657 capitello
1607 1590 1686 1648 cbar-

1032 1638 1111 1682 taceo
1128 1631 1300 1703 condensati,
1316 1656 1351 1691 ac
1369 1642 1471 1701 iterum
1485 1650 1559 1705 itcru
1609 1674 1643 1710 ue
1654 1657 1684 1713 in

1032 1696 1151 1749 resinam
1166 1697 1297 1776 liquatam
1314 1703 1447 1780 incidant,
1468 1714 1569 1775 abilis
1588 1738 1603 1775 c
1622 1734 1685 1779 arta

1031 1776 1150 1832 expansa
1164 1764 1365 1839 impediuntur,
1382 1773 1501 1851 ideoque
1515 1785 1683 1846 sublimatio·

1031 1843 1093 1881 nem
1108 1829 1232 1884 iteratam
1255 1845 1339 1908 atque
1354 1836 1614 1917 decompositionem
1629 1855 1683 1909 evi·

1030 1901 1096 1973 tant.
1120 1896 1192 1949 Tum
1205 1914 1345 1978 quoquae
1361 1906 1455 1963 calore
1465 1914 1590 1973 radiante
1605 1919 1684 1978 fundi

1032 1975 1100 2014 reste
1112 1959 1226 2030 defensi,
1241 1965 1350 2023 facilius
1364 1970 1392 2025 iu
1405 1976 1530 2045 cylindro
1545 1983 1594 2039 illo
1604 1986 1682 2043 cbar-

1029 2035 1108 2105 taceo
1119 2026 1331 2110 copdanaantur.
1348 2036 1423 2094 Haec
1440 2046 1529 2101 omnis
1542 2050 1682 2124 simplicis·

1028 2107 1097 2146 armo
1114 2095 1229 2150 arulicro
1246 2096 1392 2159 debentur.

1069 2167 1124 2213 llos
1153 2168 1365 2224 medicamentum
1392 2173 1573 2237 sublimatione
1597 2194 1680 2255 parari

1027 2230 1186 2345 piraeeipinut
1209 2227 1342 2293 Pharna.
1359 2239 1488 2310 Amen,
1513 2246 1677 2322 bustel,

1059 2300 1163 2357 stan,
1180 2293 1299 2365 Dubl.,
1315 2301 1477 2373 Ferrea,
1495 2309 1583 2367 Gall.
1616 2316 1680 2372 Ge·

1026 2354 1676 2520 astiteritislatiatim

1025 2488 1129 2545 Wrrt.
1149 2524 1179 2536 -
1200 2499 1272 2549 Usus
1293 2500 1368 2569 bajas
1386 2509 1563 2566 medicamenti
1578 2521 1676 2573 aedui·

1025 2561 1074 2609 mis
1087 2562 1244 2628 temporibus
1253 2566 1333 2617 nimio
1343 2573 1428 2622 studio
1439 2579 1612 2643 deperationis
1620 2587 1677 2640 else⁴

1024 2626 1130 2706 mic-ae,
1141 2645 1194 2707 qua,
1208 2630 1333 2682 virtutum
1353 2652 1473 2705 maguum
1494 2647 1675 2704 detrimentum

1022 2703 1105 2758 sepit,
1121 2707 1274 2746 imminutas
1289 2711 1334 2748 eet.

1063 2780 1227 2846 racana
1250 2774 1443 2858 sauzoss
1464 2800 1532 2867 vta
1552 2802 1676 2871 nuut-
1772 2872 1773 2885 Ν

1021 2865 1080 2928 ΒΑ
1100 2864 1269 2946 ΡΑΒΔΤΙ,
1289 2890 1313 2933 s.
1334 2893 1407 2956 per
1426 2883 1673 2966 praecipite·

1019 2949 1673 3118 ²⁵⁰⁰tatt'tbmttttitt

1018 3038 1159 3193 ididem
1172 3113 1378 3199 ventositate,
1399 3124 1456 3199 ossi
1469 3088 1576 3207 uallem
1587 3070 1673 3218 mdes

1019 3195 1144 3259 tersitete
1159 3197 1390 3274 beaatetlaaata.
1421 3211 1529 3276 Flesti
1544 3220 1581 3278 ds
1595 3219 1672 3282 Bess-

1010 3280 1086 3358 jot‘n
1105 3281 1291 3364 precipitem,
1313 3290 1414 3351 Aside
1436 3295 1595 3379 beuaos'que
1612 3325 1673 3383 par

1229 3369 1452 3450 precipitation.

1057 3434 1123 3489 lice.
1156 3432 1299 3499 calcariae
1325 3454 1401 3498 ustae
1433 3447 1545 3506 Uncism
1570 3470 1671 3522 uuam,
1772 3488 1773 3493 ¹

1016 3498 1128 3555 aliunde
1144 3503 1244 3580 tdeputa
1256 3506 1360 3563 calidae
1376 3512 1477 3569 Uncisa
1495 3528 1618 3591 quatuor
1634 3526 1671 3581 sd

1015 3580 1081 3633 sex,
1098 3578 1130 3623 ut
1146 3585 1173 3620 sa
1192 3565 1235 3622 lac
1253 3574 1503 3644 aequabilissimum
1523 3584 1671 3648 dilabatur.
1772 3634 1773 3637 ,

1015 3631 1086 3685 Tam
1101 3630 1172 3687 adde
1184 3632 1306 3692 Benaoes
1318 3641 1492 3701 subtilissime
1505 3652 1670 3725 pulveratae

1015 3698 1115 3754 Uatiae
1128 3706 1265 3772 quatuor,
1281 3714 1309 3760 et
1318 3707 1417 3779 Aquae
1431 3711 1531 3771 Uncias
1542 3720 1653 3794 triginta
1658 3740 1670 3792 3

1015 3764 1097 3843 mista
1125 3778 1216 3843 coque
1241 3785 1294 3889 per
1314 3770 1412 3829 boram
1434 3777 1571 3864 dimidiam
1595 3786 1670 3843 ister

1013 3828 1460 3976 stiteritttttt‘ti‘
1490 3849 1670 3986 ,attat

354 3935 524 4026 excitans,
542 3938 745 4033 resolvens,
762 3943 964 4049 diaphore.
1013 3958 1066 4015 bus
1088 3962 1197 4038 viginti,
1220 3967 1302 4089 cola‘i
1327 3981 1356 4026 et
1378 3970 1470 4030 denuo
1495 3993 1583 4051 coque
1601 3999 1670 4040 cum

353 4035 434 4202 fild
460 4032 649 4135 pulmones
665 4051 874 4143 praesertim
892 4050 963 4121 sti-

351 4154 388 4200 m
427 4155 487 4204 aas

344 4228 412 4291 Sint
429 4231 565 4312 crystalli
583 4233 690 4317 albae,
715 4238 961 4325 subpellocidac,

302 4308 477 4393 splendoris
494 4312 615 4396 sericei,
636 4319 801 4386 aniculares
819 4326 867 4388 rel
881 4323 959 4389 floc-

300 4411 406 4470 cosse,
420 4394 617 4478 tenerrimae,
634 4401 828 4485 eubflexilee,
850 4408 957 4471 odoris
1008 4424 1121 4493 squas

1007 4496 1069 4568 ”Pl
1089 4443 1230 4561 bibulam,
1252 4498 1408 4578 iterumque
1431 4505 1509 4559 solva
1529 4508 1557 4562 in
1577 4525 1664 4583 quam

1007 4571 1114 4611 minima
1133 4561 1230 4633 Aquae
1252 4559 1404 4621 destillatse
1422 4569 1545 4628 fervidae
1570 4577 1662 4649 copia.

1006 4619 1073 4676 Post
1083 4623 1259 4699 refrigerium
1272 4626 1515 4692 deuuoconeretas
1525 4640 1662 4723 colligeiu

297 4719 457 4805 solubiles,
476 4726 569 4797 sicuti
588 4728 752 4814 suspiritu
774 4734 865 4819 vini,
890 4737 955 4824 igni
1004 4685 1080 4811 edelr
1113 4690 1183 4745 ἀπ’
1197 4692 1292 4773 ωοῃ
1306 4697 1378 4756 ⁸⁸⁶⁸
1389 4700 1482 4758 Μ’)
1495 4715 1663 4765 “mm

333 4476 382 4537 ati
414 4475 575 4559 beuaoini,
608 4484 728 4563 saporis
753 4488 956 4570 dulciusculi,

298 4493 373 4619 disin
393 4558 625 4641 acidulo-scria,
651 4561 758 4629 fauces
782 4575 956 4654 pungentis.

296 4638 332 4700 ln
353 4642 441 4739 Aqua
457 4641 572 4725 frigida
585 4666 708 4743 parum,
730 4649 846 4717 temes
868 4654 956 4718 valde

1010 4030 1110 4146 &quac
1132 4031 1259 4152 pslrtibuds
1439 4110 1443 4118 Ι
1570 4107 1579 4125 ⁴

1044 4111 1148 4166 queres
1176 4116 1240 4171 impr
1259 4117 1289 4154 os
1303 4117 1499 4177 evaporatione
1517 4108 1613 4185 redige
1629 4114 1668 4171 ad

1299 4051 1391 4107 ecem,
1415 4040 1572 4116 iterumque
1595 4049 1669 4106 cols.

1010 4170 1139 4278 parantem
1155 4164 1358 4245 auivolumiuia
1375 4184 1484 4253 partem
1499 4186 1527 4231 et
1542 4175 1666 4236 admisce

1037 4223 1088 4278 esdr
1100 4240 1234 4284 munstur
1246 4242 1379 4305 quantum
1392 4250 1472 4307 satra,
1485 4251 1517 4297 ut
1534 4260 1667 4316 saporem

1008 4287 1108 4345 leviter
1120 4292 1258 4351 aridulam
1271 4300 1423 4373 acquirant.
1444 4309 1598 4379 crystallus
1611 4313 1667 4368 aci·

1009 4354 1118 4412 cularcs
1123 4372 1195 4480 post
1205 4365 1380 4439 retrigerium
1387 4384 1530 4429 concretae
1539 4378 1666 4448 pauxillo

1141 4442 1154 4479 s
1176 4444 1238 4484 ersa
1254 4430 1332 4504 lsva;
1356 4436 1479 4508 exprime
1497 4440 1569 4497 inter
1583 4444 1666 4501 cbar-

1179 4758 1287 4819 clauus
