3550 5417
258 350 520 424 DECOCTUM
544 352 791 425 ALTHAEAE
809 391 861 407 -
881 354 1139 429 DECOCTUM
1160 360 1362 436 AMARUM
1410 364 1485 441 217

114 530 220 591 quondo
230 530 308 578 Herb.
326 530 575 599 borragffleglossi,
592 532 779 596 Scolopendrii,
826 534 890 581 Une.
905 550 989 582 eesm.
1013 536 1140 599 Coqeeie
1154 540 1321 602 AquaeLibr.
1337 543 1435 593 duabus
1450 546 1483 597 ad

113 593 404 647 cieborailrfilllae.
419 597 483 644 deos
498 613 556 645 enm
568 600 614 660 lq.
628 598 777 656 Libr.oeto‚
827 599 896 646 Libe.
916 615 1001 647 unam.
1035 601 1095 649 Cela
1114 602 1204 652 calide.

110 672 137 708 et
156 661 323 710 admiaeendo
334 660 441 724 singelis
453 663 536 712 Libris
551 663 677 711 colaturae
687 663 780 711 clarifi-

109 737 182 774 catee
191 728 249 791 Syr.
258 727 366 784 violae,
377 727 413 774 rel
426 728 449 775 N
451 730 594 791 ympbaeae,
606 728 643 776 tel
655 730 776 777 Hordeae.

109 792 177 839 Une.
188 808 269 840 enam
282 804 307 840 et
318 793 383 840 Nitri
393 794 477 856 deper.
492 795 529 841 vel
539 793 587 842 Sal.
601 796 724 843 Geserrsr
739 795 777 844 sel

108 858 213 905 Arcani
243 856 379 920 duplicati,
404 858 441 906 sel
465 859 529 908 Silis
546 860 626 910 amari
644 873 687 909 aet
711 862 776 911 Sete-

105 938 194 972 πετο
213 922 330 970 Draebm.
349 924 428 973 semis

108 1001 348 1066 necocemr
374 957 611 1068 renuente,
650 1003 775 1085 elene.

170 1083 286 1158 tibine.
308 1090 472 1150 Deeoetion
486 1096 521 1151 de
536 1091 714 1152 Guimaeve.

144 1160 366 1215 Beneuenti
381 1164 701 1233 eone.Uneinmsernis‚A
725 1181 775 1219 une

108 1226 222 1285 Uneios
240 1225 456 1302 quatuordeeim.
482 1228 615 1288 calebant
629 1231 657 1284 in
674 1230 710 1286 be
741 1248 774 1286 oo

104 1291 224 1346 Mariae
247 1291 358 1364 saepius
377 1310 393 1346 a
412 1293 503 1348 ‘tando
542 1312 574 1349 er
597 1296 776 1366 semihoram,

107 1368 181 1411 tunc
193 1357 339 1424 colentur,
356 1371 387 1413 ut
413 1363 514 1416 .eolat.
554 1361 616 1415 ibre
633 1379 696 1418 una.

142 1427 291 1478 Aeonem
316 1436 343 1479 et
366 1426 415 1481 Pb.
437 1437 517 1481 caste.
540 1428 686 1481 Boruseiea
712 1437 774 1483 Une.

108 1496 186 1543 semis
202 1497 264 1545 ned.
283 1495 354 1545 Altis.
373 1514 431 1547 eum
449 1504 534 1562 Aquae
551 1500 613 1546 Une.
629 1500 773 1563 quindecim

108 1561 142 1608 ad
166 1572 340 1610 remanentem
360 1564 487 1613 eolaterre
510 1565 579 1612 Libr.
602 1582 676 1613 enam
698 1569 773 1630 eoqei

109 1627 299 1689 praescribent.
314 1655 347 1667 -
363 1625 419 1677 Ph.
436 1624 618 1696 Hambueg.
636 1643 664 1697 p.
676 1642 774 1698 paup.

32 1725 52 1758 t
109 1692 173 1740 Rad-
190 1692 264 1741 Alth.
281 1695 346 1744 Une.
360 1713 434 1744 enam
450 1712 508 1743 cum
523 1701 570 1758 Aq.
584 1697 658 1744 Libra
679 1715 726 1745 una
742 1700 771 1746 ad

111 1769 256 1836 remanent.
272 1761 337 1809 Une.
357 1773 413 1808 neto
430 1762 505 1824 eoqei
522 1761 602 1824 jubet.
631 1765 677 1820 (V.
696 1764 772 1812 etlam

111 1823 299 1938 &333de
315 1891 485 2003 ALnglEssE
501 1891 545 1939 OF
547 1894 705 1943 FlCINALlS
721 1887 772 1942 Ph.

113 2062 117 2069 .
147 2022 209 2070 llee.
226 2023 287 2069 llad.
301 2020 373 2069 Alth.
389 1968 540 2071 edde.udlbb.
554 2036 670 2087 quatuor,
679 2024 773 2075 Pas'sul.

113 2086 208 2149 major.
224 2087 309 2135 sneel.
327 2088 391 2135 Une.
416 2090 488 2145 dues,
515 2095 561 2152 sq.
582 2092 649 2138 Libr.
669 2104 770 2154 septem.

112 2152 238 2214 Decoque
253 2154 283 2200 ad
295 2153 363 2200 Libe.
380 2154 508 2216 quinque,
526 2156 649 2218 liquorem
660 2157 771 2205 colatum

112 2232 222 2281 repone,
240 2218 320 2265 donee
339 2221 415 2266 faeces
429 2221 593 2280 subsederint,
611 2233 635 2269 et
650 2221 755 2272 effunde.

147 2298 330 2346 DECOCTUM
342 2302 516 2350 ALTHAEAE
531 2306 619 2359 Lewrs,
632 2306 739 2355 Pteeatrr
747 2315 772 2352 et

109 2363 292 2412 Deeoetnm
308 2365 462 2416 Althaeae
474 2363 771 2435 compotitemDisp.

109 2421 248 2477 Fnldem.
265 2445 323 2478 enm
339 2434 498 2495 praecedente
514 2434 621 2482 formula
636 2437 770 2498 congruit,

110 2495 166 2542 nisi
185 2496 255 2558 quod
272 2497 333 2546 Red-
352 2498 418 2544 etth.
430 2501 494 2547 Une.
509 2517 565 2560 sex,
581 2500 675 2548 Passel.
688 2501 770 2550 ennel.

110 2561 182 2607 Une.
201 2560 264 2608 dees
277 2575 334 2608 enm
346 2566 428 2625 Aquae
442 2565 512 2612 Libe.
528 2583 568 2614 sex
584 2570 613 2614 ed
632 2578 768 2615 remanent.

110 2625 189 2673 Libe.
207 2637 317 2688 quatuor
331 2630 403 2692 coqui
415 2632 594 2693 praeteribunt.
604 2659 632 2669 ·-
644 2626 772 2679 Pharin.

108 2685 137 2738 F
145 2684 338 2740 errariene.
354 2707 411 2743 octo
426 2699 513 2759 Aquae
529 2698 599 2745 Libr.
614 2698 770 2761 praeseribit,

110 2766 228 2804 ceterum
246 2774 304 2805 eum
323 2759 368 2807 bae
389 2759 497 2809 formula
519 2764 645 2826 congruit.
665 2788 698 2801 -
715 2756 771 2810 Ph.

109 2815 331 2888 Herbipolit.
349 2828 409 2873 er.
430 2827 500 2876 Alth.
518 2830 582 2876 Une.
601 2845 658 2886 sex,
677 2828 768 2877 Paesel.

107 2886 172 2949 maj.
187 2889 271 2936 enecl.
289 2894 352 2950 Une.
369 2894 429 2940 duas
441 2907 499 2940 enm
516 2897 601 2956 Aquae
610 2893 680 2942 Libr.
689 2911 729 2943 ser
737 2896 769 2941 ad

109 2970 209 3002 remen.
223 2956 293 3003 Libr.
309 2968 417 3018 quatuor
433 2960 507 3020 coqui
521 2970 546 3007 et
560 2963 606 3006 seb
621 2961 696 3007 finem
710 2961 769 3009 ilud.

106 3019 210 3081 Liqnir.
229 3020 348 3069 Drselem.
363 3040 402 3070 sex
419 3026 478 3072 addi
493 3025 650 3088 prreseribit.
667 3053 691 3062 -
712 3020 734 3072 P
741 3019 767 3073 h.

105 3087 284 3132 easta-ens.
300 3081 463 3136 Rutbena
483 3093 542 3137 Rae.
558 3088 626 3137 Alth.
640 3093 768 3154 [lneque-

105 3161 185 3210 tuor,
209 3153 303 3200 Paseul.
321 3153 379 3216 maj.
396 3154 433 3203 vel
453 3157 534 3208 Carie.
552 3158 616 3203 Une.
637 3158 713 3216 dees,
731 3155 768 3204 rel

104 3216 175 3264 de.
197 3216 295 3279 Liqeir.
317 3221 380 3267 Une.
398 3237 474 3268 enam
491 3233 516 3269 et
534 3225 618 3284 Aquae
633 3223 702 3270 Libe.
717 3239 768 3288 rep·

103 3294 160 3334 tem
179 3285 331 3343 praeseribit.

151 3347 336 3398 biscoctum
352 3352 525 3399 ALTHAEAE
541 3345 589 3398 Pb.
607 3346 727 3401 Lusiten.

141 3413 201 3460 liec.
218 3415 279 3461 ilad.
294 3416 362 3464 Alth.
375 3433 446 3463 eone.
461 3419 521 3464 Une.
533 3435 588 3476 sex,
604 3424 689 3482 Aquae
697 3421 766 3471 Libr.

109 3489 177 3536 neto.
212 3479 298 3542 Coqee
321 3484 350 3529 ed
372 3499 465 3529 remae.
489 3484 557 3530 Libe.
577 3497 703 3546 quatuor,
720 3486 765 3533 seb

110 3543 185 3592 finem
206 3546 270 3593 adde
282 3549 343 3595 llad.
359 3548 456 3610 Liquir.
475 3565 541 3598 rasse
550 3551 611 3597 Une.
626 3551 695 3604 duaa,
710 3561 764 3599 tum

109 3610 175 3660 cola.
190 3636 222 3648 -
241 3607 392 3661 Formul.
408 3606 468 3662 dee
487 3609 588 3680 ltopit.
609 3609 706 3662 milit.
724 3609 765 3663 de

107 3667 244 3723 Frenee
268 3680 295 3726 in
320 3696 418 3727 remma
439 3681 474 3728 rei
495 3695 555 3727 eum
576 3683 620 3728 bae
639 3684 763 3746 congruit.

109 3739 190 3796 (Aliae
206 3746 412 3811 praescriptiones
430 3762 515 3811 perum
532 3746 684 3795 discedentes
698 3764 764 3810 pree·

108 3813 251 3867 seresmns.)

140 3874 322 3924 [recoctum
340 3875 514 3923 seruitute:
535 3877 648 3926 Mittens.
668 3903 700 3914 -
724 3879 763 3927 Fit

106 3941 241 4053 edet
257 3938 702 4056 i·.l.d‘¹:.⁰.ff.?stzet.e:
715 3948 761 4057 ἑξ

107 4067 202 4119 laturae
215 4073 335 4119 addendo
341 4072 400 4119 Kali
410 4073 495 4120 nitriei
505 4074 656 4133 Unememis,
668 4042 761 4136 Oiym.

105 4136 762 4268 uerr13editxedetritum:

106 4266 171 4313 Une.
190 4267 300 4324 deabus.
317 4271 372 4332 Syr.
382 4269 453 4317 Alth.
468 4272 528 4322 Une.
544 4288 592 4318 una
605 4282 710 4319 eonrtat.

106 4344 287 4398 numerem
309 4351 485 4398 ALTHAEAE
507 4352 578 4399 CUM
598 4353 761 4402 Ammoneo

107 4409 288 4464 munitum
299 4420 308 4469 l
315 4416 387 4464 Sele
399 4421 450 4464 Am
459 4435 482 4463 m
491 4418 615 4474 oniaco)
626 4424 760 4468 Auresrm.

143 4477 197 4526 lieo.
219 4483 277 4529 Rad.
295 4482 366 4529 Altb.
384 4497 455 4529 eone.
478 4485 541 4530 Une.
560 4500 645 4532 enam.
676 4489 761 4548 Coque

108 4554 168 4587 enm
183 4547 268 4608 Aquae
283 4547 345 4595 lent.
362 4564 387 4610 q.
403 4565 421 4595 ο
441 4548 470 4594 ad
494 4548 570 4596 eolat.
592 4552 654 4597 Une.
670 4552 762 4598 deode-

107 4606 178 4665 οἰῶ,
195 4611 220 4657 in
242 4614 334 4675 qnibee
354 4612 421 4660 solve
441 4614 492 4662 Sal.
507 4620 623 4662 Ammon.
640 4617 761 4666 Draehm.

107 4670 185 4728 dues,
201 4678 272 4725 Seeei
285 4680 382 4741 Liqeir.
398 4680 453 4742 dep.
464 4679 590 4728 Draelem.
608 4682 676 4729 duae.

105 4745 287 4799 eecoemn
302 4753 462 4808 (uteret.)
475 4755 646 4803 tererem
658 4743 760 4803 enoe-

276 4819 368 4867 Lentis
385 4811 435 4866 Pb.
452 4812 590 4884 Hispanie.

136 4878 197 4927 lise.
214 4880 274 4931 tter.
289 4883 358 4935 sith.
371 4899 445 4935 eone.
459 4894 486 4934 et
501 4885 577 4933 Herb.
593 4883 758 4940 reelllslnfi

154 4961 193 5027 tt.

859 666 1041 714 [recoctum
1057 668 1406 724 sueto-neontsrtcetu
1422 676 1483 727 Fere

825 744 886 777 eret.
899 755 931 767 -
949 732 988 779 Fit
1006 734 1066 779 Rad.
1085 732 1195 792 Caluini,
1214 738 1361 799 Zedoariae,
1382 743 1482 791 centia·

827 811 881 854 nee,
897 796 1003 859 Galang.
1015 801 1038 849 ἶ.
1050 798 1168 848 Umeltm.
1181 802 1250 858 duas,
1264 803 1303 850 llb
1324 806 1395 853 Gent.
1405 808 1480 868 mim,

826 862 953 922 ebriati,
967 861 1036 911 Flor.
1051 863 1193 924 Chamon„
1207 869 1337 917 Stoechad.
1356 872 1442 919 citrin.
1452 872 1482 925 ἶῖ

825 926 947 974 Drnelam.
963 945 1037 976 neem
1052 945 1111 976 enm
1125 933 1163 993 sq
1189 932 1259 980 Libr.
1278 935 1358 983 tribus
1372 938 1403 986 ad
1418 938 1481 987 duas

825 994 971 1054 coquendo,
988 993 1035 1041 seb
1048 994 1123 1043 finem
1137 997 1323 1047 addendoSem.
1333 1002 1405 1049 Carti
1415 1004 1478 1053 unc.

824 1058 914 1114 reneis,
932 1071 957 1105 et
975 1059 1092 1108 colendo.

826 1138 1006 1189 DECOCTUM
1020 1143 1366 1196 AMARO·AROMATlCUM
1381 1149 1481 1199 Lexi-

857 1271 913 1317 liee.
922 1272 1025 1320 Deeoeti
1033 1209 1159 1322 albllyitbld.
1167 1211 1411 1334 Ilblbtrlbnamffinot.
1418 1279 1481 1328 itha·

824 1334 894 1383 barb.
910 1352 994 1398 equos.
1018 1340 1081 1385 Une.
1102 1350 1225 1401 quatuor,
1250 1343 1479 1410 Aq.e1mtta.pip.

825 1402 988 1527 Upg.)unam.
1013 1405 1049 1452 Μ.
1066 1405 1106 1461 (V.
1121 1405 1197 1453 etiam
1211 1408 1325 1455 Infusum
1340 1408 1402 1459 llbei
1415 1427 1481 1463 ama·

934 1533 1115 1583 DECOCTUM
1133 1536 1278 1584 AMARUM
1296 1541 1368 1588 Bere.

856 1598 917 1645 llee.
943 1600 1061 1647 summit.
1081 1601 1198 1651 Centaer.
1223 1604 1302 1662 mim,
1328 1604 1396 1654 Flor.
1418 1605 1482 1655 Cba·

824 1678 919 1722 mom„
944 1664 993 1711 Hb.
1016 1664 1145 1727 Agrimoe.
1165 1668 1190 1718 ἰῖ
1211 1669 1280 1716 blan.
1302 1671 1390 1730 semis,
1412 1673 1479 1722 Sem.

823 1728 896 1774 Cerd.
915 1730 1021 1788 bened,
1039 1730 1104 1777 Citri
1117 1733 1142 1782 ἶ.
1158 1732 1276 1780 Draebm.
1297 1750 1372 1782 neem
1388 1737 1481 1798 semis,

823 1791 891 1840 Flor.
901 1793 1003 1841 Calend.
1013 1796 1073 1858 Peg.
1084 1795 1155 1853 dnos,
1164 1797 1349 1848 lludGentian.
1360 1801 1481 1851 Draebm.

823 1859 897 1916 dues,
915 1858 968 1907 rol.
984 1861 1058 1908 Sene.
1074 1861 1265 1921 Dracbm.se1‚
1282 1865 1478 1916 lled.lll1abarb.

822 1923 943 1972 Draebm.
968 1940 1058 1983 unam,
1085 1927 1144 1974 Vini
1168 1927 1221 1976 elbi
1247 1940 1273 1976 et
1296 1933 1344 1992 aq.
1366 1934 1431 1982 sont.
1451 1933 1479 1987 ἰὶ

822 1989 893 2036 Libr.
909 2006 991 2037 unam.
1015 1992 1102 2054 Coqee
1116 1994 1146 2040 ad
1162 1993 1288 2043 Dimidits
1300 2007 1326 2043 et
1342 1995 1404 2046 cela.

822 2076 1006 2127 Dueocwm
1038 2083 1184 2131 AMARUM
1213 2100 1255 2132 ree
1292 2085 1479 2139 Gentianae

822 2145 1405 2263 comp‘lielllibm'llibtldrtbmdsrir'daeblm
1430 2149 1480 2204 Ph.
1535 2173 1539 2180 ι

1018 2245 1040 2270 θ’
1189 2247 1197 2274 '
1372 2248 1379 2265 1

854 2274 910 2322 lise.
945 2277 1005 2324 llael.
1024 2277 1143 2327 Gentian.
1164 2295 1235 2328 eone.
1250 2280 1371 2329 Dreebm.
1390 2300 1475 2335 unane.

822 2338 909 2400 Coque
926 2339 1016 2406 per¹l4
1040 2341 1117 2391 borae
1138 2360 1195 2391 cem
1218 2351 1265 2408 Aq.
1291 2362 1383 2396 comm.
1407 2351 1477 2400 Libr.

821 2404 918 2452 deabus
939 2408 1030 2466 semis,
1056 2410 1118 2456 adde
1136 2411 1207 2473 Spee.
1229 2427 1308 2459 emar.
1329 2416 1391 2460 Une.
1408 2416 1478 2468 deas.

820 2470 871 2516 Stet
894 2471 920 2517 in
944 2472 1081 2535 digestione
1096 2491 1140 2537 per
1161 2491 1175 2521 a
1196 2476 1282 2536 bores,
1307 2477 1405 2549 coletur
1426 2480 1478 2553 sine

820 2533 1479 2660 erese.-.·.·.32⁰te.⁰l.3.tz.¹u:.¹f·.z⁰.f.

820 2680 879 2713 eum
896 2671 981 2729 Aquae
995 2685 1013 2715 s.
1024 2687 1049 2732 q.
1062 2670 1092 2717 ad
1110 2671 1186 2719 eolat.
1198 2673 1264 2720 Part.
1277 2677 1384 2724 sedecim
1393 2679 1478 2739 eoqui,

821 2742 881 2778 tune
894 2734 953 2780 addi
967 2735 1037 2796 Spee.
1052 2751 1129 2783 amar.
1147 2739 1299 2785 Perennem
1320 2752 1344 2787 et
1366 2754 1423 2804 post
1440 2744 1478 2791 in·

820 2796 944 2846 lesionem
957 2798 1034 2847 colari
1047 2803 1203 2863 praeseribit.
1213 2831 1243 2841 -
1259 2799 1312 2850 Ph.
1325 2800 1432 2858 Paris.
1451 2818 1477 2860 et

819 2855 1008 2912 Semimedus
1020 2867 1081 2913 ttae.
1092 2867 1208 2916 Gentian.
1218 2872 1336 2918 Dreehm.
1348 2873 1408 2921 duas
1417 2889 1476 2922 eum

819 2933 864 2990 Aq.
881 2946 974 2977 comm.
993 2933 1062 2979 Libr.
1081 2945 1187 2994 quatuor
1203 2951 1246 2997 per
1265 2937 1416 2984 semihoram
1437 2953 1477 2985 eo·

819 2997 880 3055 qui,
904 3005 963 3041 tune
977 2998 1035 3044 addi
1059 2999 1206 3059 praeseribit
1223 3000 1339 3048 summit.
1357 3003 1474 3053 Centaur·

819 3060 900 3116 min,
925 3061 1000 3108 Card.
1019 3062 1122 3121 bened,
1147 3064 1246 3111 Scordii
1267 3078 1289 3112 et
1313 3066 1380 3113 Fler.
1401 3067 1473 3117 Cort.

818 3124 882 3172 Citri
900 3141 948 3171 ree.
967 3126 991 3176 s.
1007 3125 1127 3174 Drachm.
1143 3129 1203 3175 dues
1216 3139 1240 3176 et
1256 3131 1374 3194 infundi,
1392 3133 1472 3182 donee

817 3189 993 3255 refrigescant,
1009 3203 1091 3256 postea
1103 3193 1258 3262 decanthrri.

922 3280 1105 3329 [recoctum
1123 3282 1265 3329 AMARUM
1283 3284 1371 3332 Butes.

849 3346 907 3391 Ree.
942 3347 1000 3392 Rad.
1019 3347 1138 3395 Gentian.
1154 3350 1218 3395 Une.
1238 3349 1326 3408 semis,
1349 3352 1469 3403 Summit.

816 3409 935 3459 Absietb.
950 3412 1043 3475 Manip.
1061 3429 1156 3473 unum,
1174 3420 1220 3475 eq.
1237 3413 1299 3460 sont.
1317 3416 1384 3465 Libe.
1404 3428 1468 3478 tres3

817 3493 897 3538 eoque
906 3477 935 3524 ad
944 3479 1146 3528 contemtionem
1154 3480 1395 3536 dimidieePartis,et
1405 3485 1470 3536 cola.

844 3567 1026 3615 DECOCTUM
1045 3568 1183 3616 telettum
1201 3561 1250 3616 Ph.
1265 3562 1438 3621 Ferrariens.

847 3633 906 3679 llee.
926 3634 985 3688 iisd.
1001 3633 1133 3694 Gentium,
1146 3635 1261 3682 Gramin.
1276 3635 1300 3686 ,ἶ
1314 3637 1375 3682 Une.
1392 3653 1469 3686 unam

813 3699 900 3756 semis,
919 3700 989 3746 Cort.
1004 3700 1106 3747 Fraxini
1128 3710 1154 3746 et
1172 3700 1261 3750 Salieis
1284 3701 1333 3748 rlb.
1358 3703 1384 3752 {i
1404 3705 1467 3753 Une.

813 3764 902 3822 ternis,
928 3763 991 3810 Salia
1012 3768 1131 3812 Ammon.
1153 3764 1232 3813 Gran.
1253 3765 1358 3829 viginti,
1383 3772 1468 3830 Aquas

812 3828 881 3875 Libe.
895 3839 950 3876 tree.
970 3829 1056 3888 Coque
1069 3846 1111 3890 per
1126 3828 1212 3876 boram
1224 3847 1308 3890 nnem,
1321 3842 1347 3878 et
1359 3832 1423 3880 oola.
1434 3859 1468 3872 -
1541 3845 1546 3856 ’

811 3889 834 3940 F
835 3904 964 3941 tununrnt
979 3905 1004 3942 et
1020 3890 1126 3941 Tenent
1143 3895 1265 3944 formulae
1279 3897 1307 3943 in
1320 3913 1418 3946 summe
1429 3901 1466 3948 rei

812 3974 870 4006 eum
883 3959 930 4007 bre
944 3970 1095 4025 congruent.

843 4050 1023 4098 DECOCTUM
1039 4051 1096 4112 (Ap
1105 4055 1227 4110 ozema)
1241 4052 1385 4101 emittunt
1396 4049 1466 4102 For·

811 4109 876 4162 mul.
898 4107 932 4161 de
948 4109 1034 4164 Paris.
1045 4141 1078 4156 -ι-
1097 4117 1137 4163 Fit
1152 4114 1236 4163 leviter
1254 4119 1383 4181 coquendo
1402 4121 1464 4171 llud.

811 4181 915 4244 Lapathi
940 4180 1018 4244 sylr.‚
1041 4182 1091 4228 Hb.
1112 4181 1214 4230 Ciebor.
1240 4181 1318 4245 sylu,
1345 4185 1464 4249 Borrag.,

812 4248 923 4312 buglossi
938 4248 964 4299 Ξῖ
980 4248 1048 4295 blan.
1066 4248 1130 4294 deos
1144 4262 1202 4294 eum
1216 4252 1264 4309 Aq.
1278 4249 1357 4297 Pintis
1373 4251 1465 4314 tribus,
1508 4309 1512 4317 ⁴

810 4314 918 4361 colando
935 4330 994 4361 eene
1012 4314 1166 4377 expressione
1185 4325 1210 4362 et
1229 4315 1345 4362 addendo
1366 4317 1464 4366 ueieui·

810 4396 859 4442 que
872 4381 958 4428 Pintue
972 4382 1026 4445 Syr.
1044 4377 1138 4426 Violar.
1153 4381 1217 4428 Une.
1234 4396 1319 4427 unam.

869 4470 1051 4519 DECOCTUM
1069 4468 1209 4517 AMAllUM
1227 4461 1277 4518 Ph.
1293 4463 1401 4518 Helvet.

842 4538 898 4583 llee.
916 4537 974 4583 llad.
991 4534 1127 4591 Gentium,
1147 4533 1249 4582 Ciebor.
1262 4538 1287 4586 {a
1302 4538 1366 4582 Une.
1376 4550 1462 4600 enam,

809 4603 858 4648 Hb.
873 4602 947 4650 Cerd.
962 4602 1067 4657 bened,
1085 4600 1202 4647 Centrur.
1219 4601 1291 4657 min,
1303 4601 1461 4659 chamenun,

808 4667 907 4716 Seordii
923 4668 1024 4718 {iselam
1036 4681 1125 4716 unuin.
1142 4667 1192 4711 ine.
1206 4676 1230 4712 et
1248 4667 1323 4712 mixta
1336 4662 1462 4715 ebulliant

809 4750 867 4781 cem
880 4739 926 4795 Aq.
939 4736 1001 4781 font.
1015 4748 1039 4793 q.
1052 4747 1071 4778 s.
1087 4733 1117 4776 nd
1134 4730 1209 4777 eolat.
1224 4730 1291 4776 Libr.
1308 4744 1356 4775 sex.

808 4822 989 4872 neeocwu
1003 4820 1145 4867 Anienem
1157 4833 1200 4863 ree
1214 4815 1367 4877 Quesrine
1384 4833 1462 4870 com·

906 4888 973 4957 posi
983 4895 1047 4934 tum
1063 4876 1114 4929 Ph.
1126 4874 1361 4977 Hepbipolitenee.

1166 4949 1216 5026 ΔΘ
