3550 5417
333 257 409 403 nr

366 502 467 552 uasta
482 501 701 553 unsaramma
719 496 832 550 uuam

367 569 428 618 itae.
451 567 596 616 Summitti.
620 577 714 616 recent.
733 568 814 614 Ratae
837 566 903 614 Une.
916 564 987 624 duaa,

335 634 485 749 'impium
503 632 588 698 Sinap.
612 633 733 682 Drachm.
750 633 837 692 duaa,
857 631 986 679 contunde

366 790 467 837 Pasti
490 789 555 837 etto
576 787 702 837 stuueo
727 786 905 836 flouuuato
937 785 987 834 rid.

335 856 405 906 Puta
423 855 628 919 Amygdalarnm.

374 947 475 993 PASTh
505 941 718 992 vustcttottth
755 941 804 990 rid.
832 943 986 1006 Cataplaama

338 1009 524 1060 Cantharidum
542 1012 577 1074 (p.
594 1009 659 1067 ¹54).

333 1102 434 1152 Passa
449 1097 721 1148 ZlNClbiUlllthCl
733 1095 986 1145 murmurantum.

377 1205 584 1280 Pssumis,
622 1202 832 1278 Tabellae,
863 1204 986 1262 Rotu-

334 1288 415 1361 lae,
434 1284 654 1347 Trochisci.
681 1287 817 1362 getimer.
839 1289 987 1361 Postilles,

339 1373 499 1443 Tablettes,
535 1379 605 1428 sunt
639 1368 861 1428 medicamenta
896 1368 989 1444 sicca,

337 1450 475 1531 tragilia,
509 1469 547 1510 ex
567 1449 719 1512 Saccharo
751 1452 934 1533 plerumque
957 1460 988 1509 et

337 1530 524 1595 aromatibus
541 1534 642 1590 mixta.
670 1531 744 1592 Sive
758 1531 987 1594 cumsaccharo

338 1614 399 1676 rite
417 1626 528 1687 cocto,
549 1615 614 1674 sire
636 1632 706 1673 cum
728 1615 913 1695 mucilagine
935 1636 988 1695 pa·

336 1705 455 1757 rantur.
485 1694 628 1756 Pastilli
658 1696 770 1778 absque
798 1698 902 1758 calore
935 1696 988 1756 tali

337 1779 430 1841 modo
444 1788 673 1858 praeparantur.
706 1778 855 1839 Pulveres
877 1789 907 1838 et
921 1799 988 1840 aro·

336 1870 417 1923 mata
440 1860 636 1920 immiscenda
665 1860 797 1941 primum
826 1881 896 1923 cum
917 1863 989 1924 Sac-

337 1942 423 2006 chari
456 1940 533 2022 justa
563 1943 652 2022 copia
682 1944 874 2004 trituratione
907 1962 988 2004 com·

338 2025 526 2100 miscentur3
544 2023 654 2084 'altera
683 2043 721 2084 ex
748 2037 834 2105 parte
859 2045 988 2106 praepa-

338 2116 427 2166 retur
444 2104 597 2185 Mucilagn
624 2103 695 2166 satis
715 2108 824 2187 spissa,
855 2107 988 2187 plerum·

339 2206 398 2272 qua
422 2205 441 2246 e
467 2186 593 2248 Gummi
619 2188 869 2329 h'raqacanthae,
901 2189 988 2271 cnjus

338 2279 422 2331 tanta
448 2268 536 2348 copia
563 2268 682 2347 pulveri
705 2290 739 2330 us
767 2271 869 2330 mixtis
909 2271 990 2332 inter

338 2363 493 2413 strenuam
520 2352 750 2431 percussionem
771 2353 990 2427 immisceatur,

361 2444 451 2493 nanta
488 2433 524 2492 ad
557 2443 673 2513 pastam
703 2434 828 2494 mollem
856 2431 989 2496 elficien-

338 2455 408 2577 iarn
425 2513 598 2598 requiritur.
640 2516 754 2576 Pastilli
776 2534 813 2578 ex
833 2517 888 2577 hac
904 2529 988 2599 pasta

339 2594 456 2657 duabus
470 2598 633 2678 praecipue
643 2597 796 2659 methodis
810 2597 988 2662 formantur.

340 2677 503 2759 Cylindrus
520 2678 606 2760 hujus
619 2700 735 2741 massae
755 2682 826 2761 justi
843 2682 988 2762 ponderis

339 2760 372 2820 in
392 2758 531 2821 machine
553 2761 717 2842 pilularum
743 2764 779 2823 ad
807 2776 905 2826 totam
928 2785 988 2823 ma·

342 2841 449 2904 chinae
474 2840 658 2905 latitudinem
683 2845 850 2929 aequabilis
874 2847 988 2908 forma·

340 2935 408 3002 tur,
431 2935 462 2986 ct
482 2926 542 2986 leui
560 2929 716 3007 pressione
739 2928 770 2986 iu
795 2942 913 2990 cratem
940 2947 989 2990 aa·

341 3008 531 3069 nnlicnlatam
547 3008 577 3067 in
590 3010 714 3092 triginta
730 3022 834 3092 partes
847 3010 989 3094 aequales

341 3089 498 3152 dividitur.
539 3092 645 3151 Partes
664 3091 801 3171 singulae
817 3113 876 3172 ope
898 3091 990 3153 cultri
1056 3143 1062 3156 .

340 3172 372 3234 in
387 3172 522 3232 incisura
537 3173 730 3249 desecantur,
751 3172 915 3254 digitorum
930 3194 989 3254 ope

340 3253 372 3314 in
394 3253 535 3337 globulos
556 3253 744 3330 formantur,
767 3255 860 3340 hique
882 3256 989 3317 modu·

341 3336 374 3397 lo
392 3336 496 3417 ligneo
517 3335 548 3394 in
568 3338 702 3416 pastillos
716 3338 816 3399 laeves
842 3339 890 3400 vel
902 3340 990 3422 signo

343 3428 465 3479 notatos
480 3418 736 3497 comprimuntur.
766 3419 870 3481 Altera
887 3421 989 3501 pastil-

340 3500 440 3561 lorum
452 3497 684 3559 formandorum
692 3502 853 3563 methodus
867 3523 905 3565 eo
920 3524 989 3565 con·

342 3580 436 3655 sistit,
464 3578 546 3663 quod
564 3592 649 3660 pasta
666 3583 696 3642 in
719 3584 857 3645 machina
884 3585 990 3667 pilula-

342 3683 410 3723 rum
441 3681 501 3742 upe
532 3663 659 3740 cylindri
697 3665 791 3745 lignei
823 3667 991 3729 manubriis

343 3745 466 3805 duobus
493 3743 635 3805 instructi
660 3745 689 3806 in
717 3750 851 3810 tabulam
882 3772 990 3835 acqua-

343 3825 449 3888 biliter
475 3845 605 3887 crassam
635 3832 827 3909 extenditur,
865 3853 904 3894 ex
932 3854 990 3916 qua

342 3929 403 3989 ope
421 3908 487 3968 tubi
508 3908 604 3969 ferrei
626 3914 736 3992 pastilli
757 3913 913 3996 pressione
932 3915 990 3975 levi

344 4002 534 4052 exsecantur.
588 3992 621 4052 Si
651 3996 792 4073 pulveres
820 3998 991 4077 plantarum

343 4071 474 4153 pastillis
484 4072 703 4149 immiscentur,
716 4079 899 4160 mucilagine
912 4099 992 4139 cras.

344 4152 427 4216 aiore
445 4173 523 4234 opus
540 4168 602 4232 cst,
624 4178 662 4218 ne
681 4173 782 4237 partas
801 4162 991 4223 extractione

295 4242 300 4248 '
345 4248 377 4298 et
399 4238 551 4298 coloratae
566 4240 743 4318 solvantur,
764 4263 862 4326 eoque
880 4243 992 4324 pastilli

344 4318 443 4380 miuus
464 4320 607 4381 candidae
630 4325 788 4402 prodeant.
839 4325 992 4402 Mucilago

343 4402 523 4484 plerumque
555 4424 592 4463 ex
616 4405 738 4466 Gummi
760 4404 993 4486 'I‘ragacanthae

344 4496 554 4565 praeparatur.
597 4488 666 4547 Hoc
685 4488 819 4567 gummi,
849 4508 910 4566 ope
929 4490 993 4548 cnl-

344 4566 408 4627 telli
446 4567 483 4624 ad
521 4567 652 4629 calamos
685 4570 900 4648 temperandos
932 4580 993 4649 apti

344 4647 547 4726 depuratum,
576 4649 606 4708 in
637 4669 707 4710 vase
732 4650 893 4712 manchino
922 4672 992 4712 cum

343 4732 467 4811 octuplo
480 4731 527 4790 rat
535 4731 734 4811 duodecuplo
744 4734 879 4812 pondere
890 4738 993 4818 Aquae

344 4809 527 4893 misceatur,
548 4824 581 4874 et
601 4815 632 4875 in
653 4815 809 4877 cineribus
829 4816 929 4879 adhuc
944 4838 993 4879 ua·

522 397 531 416 ,
616 320 763 393 PASTA
791 316 1102 390 susurremus
1137 357 1186 371 -
1221 316 1433 390 PASTlLLl

1037 494 1106 557 lidia
1121 494 1284 580 digeritur.
1303 496 1377 557 Post
1391 499 1504 582 aliquot
1515 496 1580 561 dies
1592 517 1708 561 massa

1037 577 1151 639 tumida
1180 597 1238 660 per
1266 579 1388 639 linteum
1420 584 1628 662 exprimatur,
1668 593 1709 642 et

1038 660 1191 738 mucilago
1204 659 1234 719 in
1251 673 1399 724 mortario
1415 663 1523 725 baculo
1536 663 1706 726 caedatur.

1037 743 1084 802 Ex
1106 745 1222 823 gummi
1245 745 1368 823 integro
1390 759 1569 828 praeparata
1594 749 1705 806 muci·

1037 825 1107 903 lago
1141 825 1278 885 tenacior
1307 835 1399 910 atque
1429 828 1539 908 purior
1574 828 1705 909 prodit,

1035 926 1125 990 quam
1139 925 1178 966 ex
1192 906 1362 986 pulverato.
1404 910 1483 971 Sunt
1496 909 1547 992 qni
1562 909 1703 970 mucila-

1037 989 1099 1068 gini
1117 989 1347 1070 Tragacantbae
1363 992 1578 1075 aliquantulum
1594 994 1701 1053 Gum-

1037 1069 1080 1130 mi
1098 1070 1211 1130 arabici
1234 1071 1281 1131 rel
1298 1073 1468 1135 Albuminis
1478 1073 1616 1136 Ovorum
1639 1075 1701 1134 ad·

1038 1151 1128 1227 daut,
1148 1162 1182 1211 ut
1195 1151 1312 1212 Pastilli
1335 1156 1550 1234 pellucidiores
1566 1165 1700 1216 exeant.

1037 1235 1108 1292 Hoc
1123 1231 1182 1314 jam
1198 1234 1293 1317 magis
1315 1237 1438 1299 Gummi
1453 1239 1578 1301 arabico
1599 1257 1698 1298 mero

1038 1315 1208 1378 obtinetur.
1259 1318 1401 1381 Sumatur
1422 1323 1545 1382 Gu'mmi
1573 1318 1699 1381 arabici

1040 1415 1107 1478 pars
1122 1418 1181 1458 una
1202 1408 1235 1457 et
1256 1401 1362 1483 Aquae
1378 1413 1481 1482 partes
1495 1415 1573 1480 trem
1602 1401 1698 1480 hujm

1038 1478 1228 1560 mucilaginis
1249 1501 1319 1560 para
1339 1505 1395 1545 una
1419 1485 1602 1567 plerumque
1624 1482 1696 1545 sui·

1037 1558 1103 1620 licit
1139 1563 1174 1621 ad
1203 1561 1384 1644 subigendas
1412 1566 1554 1629 Sacchari
1585 1578 1697 1646 partes

1038 1654 1120 1704 octo.
1168 1644 1356 1726 Mucilaginis
1376 1648 1565 1711 adhibendae
1597 1651 1696 1731 copia

1038 1725 1067 1784 in
1083 1723 1225 1786 omnibns
1242 1724 1382 1790 iormulis
1403 1753 1463 1791 uon
1478 1730 1585 1791 eadem
1609 1750 1693 1792 sem·

1037 1827 1095 1887 per
1122 1816 1180 1901 est.
1219 1809 1252 1869 Si
1273 1811 1372 1887 Salia,
1405 1811 1516 1888 Arida,
1542 1810 1694 1893 Sulphur,

1038 1892 1190 1983 Magnesia
1233 1890 1458 1966 immiscentur,
1493 1895 1691 1977 mucilaginis

1038 1990 1137 2049 major
1163 1970 1269 2051 copia,
1301 1989 1331 2037 at
1352 1974 1505 2058 spissioris
1534 1988 1582 2038 est
1602 1976 1692 2037 adhi-

1038 2051 1145 2112 banda.
1188 2055 1392 2139 Summopere
1423 2080 1462 2120 eo
1490 2058 1520 2119 in
1547 2059 1691 2120 omnibus

1039 2133 1165 2228 pastillis
1186 2140 1370 2202 studendum
1392 2153 1456 2219 est,
1476 2152 1511 2201 nt
1529 2161 1618 2225 quarn
1634 2140 1692 2200 mi-

1040 2235 1117 2311 nima
1139 2221 1329 2302 mucilaginis
1351 2235 1436 2305 parte
1461 2234 1624 2298 parentur,
1650 2240 1692 2284 na

1038 2318 1163 2358 nimium
1186 2305 1307 2365 scilicet
1322 2305 1529 2367 exsiccatione
1551 2305 1690 2365 indures-

1038 2391 1126 2457 cant,
1145 2399 1242 2463 euque
1265 2388 1380 2449 tardius
1400 2390 1429 2447 in
1447 2408 1503 2449 cre
1520 2387 1688 2448 solvantur.
1762 2451 1763 2454 ,

1039 2464 1200 2542 Nunquam
1235 2468 1361 2550 pastillis
1389 2468 1589 2531 immiscenda
1619 2478 1690 2528 snut
1762 2473 1763 2486 ¹

1039 2562 1172 2639 0οΓΡοτῆ
1189 2550 1306 2632 saporis
1328 2564 1420 2634 atque
1450 2549 1554 2614 odoris
1574 2550 1691 2633 ingrati

1039 2645 1185 2768 qauqecut
1196 2634 1268 2721 qnia
1277 2635 1485 2697 masticatione
1492 2652 1601 2695 nausea
1616 2652 1691 2714 pro·

1060 2727 1108 2768 ucr
1124 2727 1170 2767 ur.

1070 2810 1174 2867 Pastilli
1194 2828 1256 2866 cnm
1277 2807 1416 2864 Saccharo
1436 2816 1516 2862 cocto
1536 2806 1583 2860 tali
1603 2804 1689 2859 modu

1039 2887 1252 2951 praeparentur.
1285 2875 1451 2929 saccharum
1474 2883 1618 2928 contusum
1637 2889 1690 2944 per

1040 2944 1165 2998 cribrum
1179 2941 1348 3013 trajiciatur,
1370 2942 1513 3008 trajectum
1529 2937 1619 2992 denuo
1639 2939 1692 2991 cri·

1039 3011 1093 3064 bro
1107 3009 1233 3064 arctioris
1252 3018 1375 3061 texturae
1389 3007 1565 3071 immittatur,
1584 3014 1612 3057 et
1628 3005 1690 3076 pul·

1038 3078 1078 3130 ris
1095 3075 1285 3129 subtilissimus
1303 3083 1459 3143 separatum
1477 3089 1531 3143 pro
1550 3088 1602 3125 nau
1620 3068 1691 3124 ulte·

1038 3158 1114 3197 ruore
1133 3152 1269 3196 servetur.
1304 3137 1386 3212 Quod
1403 3155 1470 3190 vero
1492 3136 1518 3190 iu
1536 3137 1630 3190 cribro
1646 3152 1690 3190 re·

1039 3218 1144 3273 manet,
1163 3205 1276 3279 pastillis
1294 3204 1423 3277 parandis
1443 3203 1564 3257 inservit.
1596 3201 1627 3255 ln
1646 3218 1690 3255 ca·

1039 3275 1136 3328 cabum
1152 3290 1281 3344 parvum,
1301 3288 1351 3324 ors
1365 3271 1496 3324 effusorio
1512 3278 1626 3340 angusto
1662 3268 1689 3321 in

1039 3342 1111 3395 latua
1121 3340 1259 3393 sinistrum
1272 3355 1362 3404 verso,
1381 3337 1544 3390 instructum
1559 3304 1691 3390 sacchar-i

1040 3406 1176 3480 granulati
1188 3413 1294 3476 partem
1308 3402 1418 3456 immitte
1433 3412 1460 3455 et
1473 3420 1535 3454 cum
1547 3417 1617 3519 aqua
1628 3416 1690 3453 aro·

1041 3474 1137 3526 marica
1152 3481 1256 3542 pastam
1267 3471 1327 3537 fac3
1349 3468 1417 3521 haec
1431 3468 1537 3521 calefiat
1554 3484 1568 3519 a
1601 3468 1689 3519 levem

1040 3536 1243 3602 ebullitionem,
1261 3545 1319 3588 tum
1330 3551 1426 3588 noram
1441 3532 1572 3589 Saccbari
1584 3531 1686 3604 copiam

1041 3603 1139 3673 adjice,
1163 3614 1193 3656 ut
1211 3604 1283 3672 justa
1298 3600 1468 3654 consistentia
1487 3597 1519 3651 ad
1531 3598 1686 3652 effusionem

1040 3671 1211 3735 obtineatur3
1224 3669 1278 3720 cito
1291 3665 1409 3720 immisce
1416 3666 1515 3720 Oleum
1524 3666 1687 3729 aethereum,

1041 3735 1216 3790 manubrium
1229 3733 1322 3786 cacabi
1341 3749 1422 3786 manu
1439 3731 1547 3786 sinistra
1569 3728 1686 3800 corripe,

1041 3813 1068 3857 et
1081 3818 1112 3855 os
1130 3800 1287 3855 effusorium
1302 3815 1428 3852 aversum
1441 3816 1456 3850 a
1470 3808 1497 3851 ta
1511 3808 1589 3864 tenc;
1608 3812 1688 3848 manu

1042 3866 1137 3921 dextra
1154 3868 1230 3919 filum
1245 3864 1407 3918 metallicum
1428 3863 1461 3917 ad
1476 3880 1508 3916 oa
1531 3861 1689 3916 effusorium

1041 3935 1172 4000 admove,
1190 3942 1221 3985 ut
1239 3941 1316 4004 pasta
1330 3929 1432 4001 liquida
1452 3928 1479 3983 in
1492 3930 1540 3983 lilo
1553 3926 1689 3982 metallico

1041 3998 1158 4066 defluat,
1191 4008 1219 4051 et
1238 3997 1361 4072 guttatim
1380 3996 1407 4048 in
1429 3994 1553 4050 tabulam
1572 4009 1690 4047 marmo-

1041 4082 1117 4120 ream
1131 4063 1249 4130 incidat,
1267 4063 1359 4132 inqua
1377 4060 1544 4115 indurescat.
1578 4059 1691 4114 Saraba-

1042 4150 1104 4184 rum
1118 4131 1153 4183 ad
1168 4130 1288 4202 plumam
1301 4137 1408 4181 coctum
1420 4129 1475 4197 jam
1485 4125 1690 4197 nimisspissum

1042 4206 1084 4250 est
1101 4208 1129 4250 et
1151 4194 1256 4250 tardius
1280 4194 1307 4248 iu
1334 4211 1434 4247 massas
1456 4195 1585 4262 majores}
1597 4190 1691 4244 effluit.

1042 4262 1073 4316 Si
1104 4261 1179 4315 acida
1210 4260 1411 4325 immiscentur,
1438 4277 1492 4312 uon
1515 4259 1563 4312 nisi
1608 4272 1690 4311 arvae

1042 4328 1138 4409 copiae
1156 4328 1236 4380 simul
1251 4327 1431 4390 misceantur,
1444 4325 1509 4397 quia
1523 4276 1689 4380 saccharum

1042 4393 1168 4447 citissime
1184 4390 1325 4445 acidorum
1345 4392 1369 4444 ri
1388 4390 1509 4443 chemice
1524 4391 1689 4444 immutatur.

1043 4459 1147 4512 Pastilli
1162 4459 1306 4530 compositi
1321 4475 1354 4510 eo
1367 4468 1517 4526 parantur,
1539 4455 1612 4527 quod
1627 4455 1689 4509 Suc·

986 4571 992 4584 .
1043 4526 1127 4578 charo
1142 4525 1193 4577 rite
1205 4535 1284 4576 coctu
1303 4534 1331 4577 ct
1347 4523 1577 4596 samireirigerato
1598 4521 1689 4593 pulve-

1043 4607 1089 4645 res
1103 4591 1318 4655 immisceamur,
1333 4597 1409 4660 pasta
1427 4587 1598 4652 effundatur,
1609 4587 1690 4656 cylin-

1043 4656 1095 4710 dro
1112 4657 1200 4728 ligneo
1212 4654 1388 4720 extrudatur,
1407 4664 1434 4708 et
1448 4654 1560 4708 cultello
1574 4654 1601 4706 in
1613 4653 1690 4706 tabu·

1044 4721 1247 4800 las·quadrataa
1258 4719 1418 4776 dissecetur.
1435 4719 1506 4775 Sunt
1519 4721 1632 4773 morsali
1644 4717 1690 4772 mi·

1044 4805 1121 4843 noris
1135 4788 1286 4843 voluminis
