3550 5417
376 317 520 387 PULPA
547 319 669 388 ALLll
695 359 742 370 —
768 317 913 386 PULPA
940 319 1270 392 DACTYLORUM.

140 488 262 543 inservit.
302 490 455 560 Pulparurn
472 491 539 545 aliae
556 490 700 556 coctione,
726 490 793 541 aliae

140 552 239 635 frigide
255 566 405 627 parantur,
425 574 477 627 pro
496 556 588 610 indole
605 558 746 610 fructuum
764 565 791 608 ct

141 619 255 675 rationis
273 621 391 674 medicae
407 640 500 692 scopo.

206 693 242 753 a)
261 688 486 757 l-'ulpae-rasione
500 685 646 760 parandae.

174 753 289 806 Radices
309 764 432 807 recentes
449 765 561 807 externe
579 752 722 806 mundatae
739 769 793 823 ope

140 818 256 872 radulae
274 819 300 870 in
316 820 420 890 pultem
435 819 613 891 rediguntur,
631 835 703 889 qnae
721 816 794 869 deni·

140 901 212 955 que,
232 901 282 957 per
295 886 419 937 cribrum
433 897 570 939 setaccum
585 884 694 937 laxioris
706 895 794 938 textu·

141 968 189 1003 rae
202 950 363 1019 trajiciatur.
387 949 428 1004 ad
441 951 509 1003 banc
523 951 645 1022 regulam
680 960 793 1002 arantur

141 1017 229 1089 Pulpa
250 1017 271 1068 C
292 1015 455 1078 doniorum,
474 1019 638 1076 Pomorum,
659 968 791 1067 basileum

140 1082 236 1137 Seiani
247 1035 388 1143 tuberost,
401 1115 433 1127 -
449 1081 569 1146 llelcnir‘,
584 1113 614 1124 -
630 1081 791 1145 Pollentiae,

140 1182 173 1195 -
194 1147 279 1201 Deuci
299 1151 477 1213 Carotae,-·
499 1149 654 1219 ceparum,
668 1177 698 1190 -
720 1147 793 1200 Allii.

140 1215 247 1285 Pulpac
270 1213 366 1287 frigide
389 1225 501 1284 paratae
524 1214 629 1266 facilius
647 1212 793 1283 decompo-

140 1292 246 1335 nuntur
263 1289 289 1332 et
306 1297 419 1332 succum
437 1296 452 1333 a
470 1291 549 1351 parte
567 1280 670 1333 librosa
687 1277 792 1332 secerni

139 1347 239 1401 sinunt.
264 1347 368 1417 Pulpae
382 1356 475 1399 coctae
491 1346 587 1398 melius
603 1354 792 1408 asservantur,

140 1429 191 1465 nec
208 1412 287 1464 facile
300 1412 327 1464 in
342 1412 475 1482 liquidum
489 1422 515 1464 et
529 1430 637 1464 carnem
652 1412 792 1464 secedunt.

140 1476 195 1533 Sed
209 1477 332 1531 coctione
347 1496 400 1530 non
416 1495 481 1531 raro
493 1478 608 1531 virtutes
622 1476 741 1530 medicae
753 1476 791 1529 in·

139 1544 312 1614 fringuntur,
325 1543 405 1595 sicuti
417 1543 563 1596 acrimonia
575 1544 690 1596 volatilis
702 1559 733 1594 ex
746 1542 790 1593 lll-

138 1609 176 1662 lio
189 1620 216 1662 et
231 1609 313 1680 Cepis
326 1609 480 1679 dissipatur.
507 1610 625 1662 Intereat
638 1626 669 1661 er
687 1626 704 1660 o
719 1608 790 1659 inter

140 1676 256 1745 Pulpam
273 1674 394 1744 ejusdcm
413 1676 521 1747 plantae
536 1673 631 1748 frigide
648 1627 691 1729 reb
704 1671 790 1726 calide

160 1752 273 1796 aratam.

139 1760 159 1812 P
205 1813 237 1875 a)
256 1806 359 1875 Pulpae
376 1805 535 1857 contusione
554 1802 698 1873 parandae.

172 1873 304 1925 Materiae
318 1873 344 1924 in
359 1871 490 1925 mortario
503 1871 613 1940 lapideo
626 1888 680 1941 ope
696 1868 791 1941 pistilli

138 1938 237 2009 lignei,
252 1937 399 2009 adspersa,
417 1936 439 1989 si
453 1954 524 2007 opus
535 1947 576 1990 est
586 1977 593 2003 ,
603 1954 691 2054 parca
704 1953 791 2006 aqua,

138 2005 229 2076 probe
239 2006 444 2056 contundantur
455 2011 482 2054 et
494 2019 545 2072 per
561 2003 601 2055 cri
623 2020 684 2056 rum
703 2012 789 2054 trans·

139 2070 293 2123 mittantur.
328 2071 387 2121 lloc
402 2066 532 2121 methodo
549 2087 563 2121 a
583 2080 646 2121 atur
664 2086 727 2121 cum
738 2069 790 2121 Fo-

138 2136 180 2189 liis
197 2135 377 2200 succulentis,
394 2133 542 2199 Floribus,
564 2087 680 2195 iternis,
706 2150 730 2185 e.
738 2150 788 2254 gr.

139 2203 271 2255 Floribus
285 2202 420 2254 llosarum
436 2201 604 2264 rubrarum,
627 2200 721 2253 llcrba

139 2268 192 2334 nii,
211 2302 240 2312 -
258 2268 405 2328 Nasturtii,
421 2298 451 2311 -
471 2266 659 2320 Coclsleariae.

205 2343 238 2403 c)
255 2335 360 2405 l'ulpae
379 2333 510 2386 dilutione
547 2330 674 2390 arandae.

172 2402 292 2454 Fructus
315 2417 377 2451 cum
399 2416 470 2470 aqua
496 2351 582 2452 caiida
607 2415 658 2470 per
683 2396 789 2468 aliquot

139 2474 248 2537 tempus
262 2465 357 2535 digesti
373 2482 424 2537 per
438 2464 560 2519 cribrum
576 2464 748 2530 trajiciuntur
762 2472 789 2515 et

139 2533 203 2651 puls
215 2531 302 2585 tenuis
314 2542 393 2584 cauta
404 2532 599 2601 evaporatione
614 2530 788 2601 inspissatur.

164 2605 228 2669 ulpa
244 2595 471 2651 Tamarindorum
486 2608 515 2651 et
531 2596 649 2653 Cassiae.

205 2670 240 2732 d)
257 2664 362 2733 Pulpae
379 2664 501 2717 coctione
519 2661 664 2734 parandae.

172 2732 292 2782 Fructus
306 2731 430 2782 coctione
444 2731 470 2782 in
488 2745 575 2800 aqua,
593 2728 635 2779 vel
650 2725 747 2780 melius
762 2726 787 2779 in

138 2810 243 2863 vapore
258 2810 377 2864 aquoso,
395 2796 506 2849 emolliti
521 2796 680 2867 palpantur.
699 2793 788 2864 Pulpa

138 2862 307 2914 Prunoruns.

205 2934 234 2996 r)
258 2925 362 3040 Pulpae
383 2924 507 2978 coctione
523 2935 550 2978 et
566 2925 725 2979 contusione
741 2941 787 2995 pa·

254 3007 303 3043 ran
326 3005 365 3039 ac.

171 3059 290 3110 Fructus
301 3054 423 3108 coctione
434 3054 460 3106 in
476 3069 577 3125 vapore
589 3070 694 3125 aquoso
705 3052 788 3106 emol-

136 3123 178 3177 liti
195 3140 210 3174 a
225 3122 328 3175 nucleis
345 3120 469 3184 liberati,
486 3119 512 3171 in
530 3121 661 3173 mortario
678 3123 703 3174 la
726 3119 787 3171 idco

137 3188 346 3260 contunduntur
367 3197 394 3240 et
413 3186 582 3258 pulpantur,
610 3186 678 3239 sicut
699 3138 786 3266 liutps

137 3256 316 3323 Dactylorum
326 3294 335 3321 ,
347 3289 375 3298 -
389 3252 497 3306 Radicis
511 3252 642 3305 Althaeae
655 3262 787 3318 recentis,

137 3354 166 3364 -
193 3322 312 3387 scillae,
336 3352 368 3365 -
395 3318 547 3385 tiliorum,
571 3352 603 3362 -
628 3320 786 3371 Plantarum

135 3387 338 3441 emollientium.

169 3517 274 3563 PULPa
291 3515 381 3563 stul.
397 3510 608 3572 &neblauemnrl
619 3507 697 3575 Palpo
707 3507 785 3561 ΜΖ.

169 3591 224 3647 Ph.
249 3590 336 3642 Gall.
357 3589 452 3657 1837:
480 3598 538 3642 Rec.
561 3595 654 3642 bulbos
677 3604 786 3642 recentes

136 3662 189 3711 alli
204 3661 292 3720 satiri,
308 3672 334 3708 et
351 3660 454 3709 sedulae
470 3676 516 3724 ope
532 3661 558 3707 in
573 3661 669 3724 pultem
685 3669 783 3707 tenuem

135 3725 291 3792 aequabilem
312 3726 412 3787 redige,
442 3741 515 3787 quam
533 3741 576 3787 per
594 3726 708 3773 cribrum
728 3735 785 3772 seta·

136 3812 208 3844 ceum
233 3792 332 3841 latioris
357 3802 466 3838 texturae
488 3790 583 3853 trajice.
624 3792 725 3837 Paretur
747 3807 785 3838 es·

135 3873 255 3925 tempore.

177 3967 278 4015 PCLPA
308 3962 479 4012 turuassel
515 3976 534 4008 a.
564 3960 702 4008 deicis
731 3960 786 4008 Al·

137 4030 255 4079 abarae.
288 4025 445 4086 Cibilrbmui.
473 4025 562 4089 Palpo
575 4027 609 4076 dc
624 4025 784 4076 Guimnune.

168 4114 223 4160 liec-
246 4114 348 4162 Radices
362 4122 471 4160 recentes
484 4109 599 4157 Althaeae
612 4108 744 4157 officinalis
757 4110 783 4157 in

137 4174 322 4242 diaphragmate
334 4179 461 4242 perforato
472 4178 498 4224 in
511 4192 563 4223 ruse
580 4177 691 4223 lodoneo
706 4175 783 4222 collo·

137 4252 201 4287 catus
214 4247 345 4307 vaporibus
359 4261 436 4308 aquae
457 4242 562 4290 fervidae
579 4244 702 4303 usquead
723 4239 785 4287 mol·

138 4300 218 4352 litiern
233 4311 358 4374 decoque,
381 4326 433 4359 tum
448 4310 474 4356 in
490 4320 613 4354 mortareo
628 4308 725 4370 lapideo
738 4323 785 4370 ope

137 4367 226 4431 pistilli
244 4371 319 4437 lignei
335 4379 395 4425 bene
409 4385 526 4423 contum
541 4389 585 4436 per
598 4374 712 4421 cribrum
725 4384 783 4421 seta·

137 4448 209 4480 teum
222 4434 247 4482 in
259 4441 348 4504 pulpae
361 4443 467 4489 formam
479 4450 588 4487 contere.

168 4540 272 4588 Poura
296 4546 486 4596 Cllllcnlllilll
511 4563 530 4595 s.
553 4544 695 4593 Ficuum.
729 4541 784 4605 ῧιίτ

167 4664 216 4718 Ph.
230 4610 782 4742 Gassptjtttlussl'tffl:Pg'ltrtissca‘ifflgffimmi

134 4740 165 4788 ad
179 4736 315 4786 mollitiem
329 4752 412 4787 coetae
430 4744 457 4791 in
476 4745 596 4793 mortario
614 4744 712 4808 lapideo
724 4758 781 4796 coa·

134 4805 273 4854 tundantur
284 4813 308 4855 et
319 4819 363 4869 per
372 4805 482 4859 crinium
495 4811 662 4874 trajiciantur.

1425 312 1497 396 661

888 502 1021 559 PULPA
1056 502 1231 559 casalata
1273 520 1298 558 s.
1333 506 1495 563 Cassiae

845 584 1033 652 Fistulae,
1062 586 1288 641 llxtrsetum
1316 587 1493 646 Cassiae.

873 664 1162 741 &disensojjrrnmost
1205 668 1298 744 Polpe
1317 672 1352 727 de
1372 671 1467 730 Cossa.

878 756 941 811 lice.
958 755 1077 826 Siliquae
1091 754 1200 808 Cassiae
1211 755 1347 821 Fistulae,
1360 768 1494 828 quantum

846 822 904 874 sacri
923 831 1028 892 potest,
1046 836 1151 873 crassas
1166 831 1248 890 atquc
1262 833 1401 887 recentes,
1418 834 1492 877 sutu·

845 903 903 940 ram
919 888 1032 940 alteram
1047 888 1072 939 in
1085 885 1176 939 fulcro
1192 889 1254 940 satis
1272 890 1351 941 firmo
1369 888 1492 959 impone,

845 965 872 1006 et
888 970 942 1024 ope
960 955 1026 1005 loris
1045 952 1113 1004 ictus
1130 952 1221 1004 mallei
1237 954 1351 1006 alteram
1368 966 1493 1009 suturam

845 1019 976 1084 dissolve,
1002 1028 1031 1072 ut
1053 1018 1149 1090 siliqua
1175 1028 1231 1071 tota
1255 1019 1383 1073 dehiscat.
1430 1023 1491 1092 Ope

844 1085 987 1157 spathulas
1003 1099 1110 1137 carnem
1130 1084 1287 1137 interiorem
1303 1104 1366 1138 eum
1383 1083 1492 1158 dissepi-

844 1153 941 1203 mentis
958 1161 986 1203 ct
1002 1149 1150 1204 seminibus
1166 1152 1268 1216 exime,
1296 1162 1324 1205 et
1343 1170 1404 1204 rum
1428 1171 1492 1224 pau·

843 1218 909 1269 aillo
930 1233 1018 1288 aquae
1040 1213 1144 1269 calidae
1164 1215 1276 1270 dilutam
1298 1233 1349 1288 per
1369 1219 1492 1271 cribrum

844 1295 980 1336 setaceum
995 1282 1097 1351 trajice.
1134 1280 1238 1353 Pulpa,
1254 1284 1275 1336 si
1287 1283 1398 1336 nimium
1409 1285 1490 1337 humi-

845 1350 894 1412 da,
908 1359 986 1402 cauta
1000 1344 1191 1417 evaporatione
1205 1348 1374 1420 inspissetur.
1408 1352 1448 1404 Es
1461 1352 1494 1404 si·

844 1415 925 1486 liquis
944 1416 1033 1468 bonae
1052 1423 1132 1467 notae
1152 1425 1252 1484 quarta
1275 1415 1406 1486 ponderis
1427 1434 1492 1489 pars

845 1483 930 1553 pulpa
947 1481 1096 1534 obtinetur.

882 1594 988 1642 Penes
1021 1593 1152 1640 casstaE
1186 1594 1251 1641 PRO
1281 1593 1492 1644 camertibus

1053 1650 1144 1722 Diap.
1160 1650 1281 1705 Vienn.

876 1726 937 1771 lice.
960 1721 1090 1770 Foliorum
1106 1727 1190 1781 Betae,
1209 1749 1239 1759 -
1254 1720 1362 1781 ltaliae,
1382 1747 1414 1755 -
1426 1725 1491 1770 illes·

843 1789 961 1840 curialis,
975 1815 1008 1825 -
1020 1789 1181 1842 Parietarise,
1198 1815 1231 1826 -
1242 1787 1375 1836 violarum
1386 1791 1412 1841 ἶ
1426 1793 1489 1837 Une.

842 1859 929 1912 nmis,
950 1855 1018 1902 Flor.
1033 1851 1196 1901 Cbamomill.
1214 1856 1279 1901 Uno.
1297 1870 1387 1913 unam,
1410 1871 1491 1918 coque

842 1937 900 1967 cunr
914 1920 969 1970 suli.
981 1931 1066 1984 quant.
1079 1925 1163 1982 Aquae
1173 1921 1316 1967 communis
1326 1924 1358 1978 (e.
1371 1938 1406 1984 gr.
1421 1924 1489 1969 Libr.

842 1987 966 2046 duabna);
984 2002 1041 2033 cum
1054 1984 1166 2032 colatura
1177 1984 1330 2047 Siliquarum
1344 1988 1439 2035 Cassiae
1453 1989 1490 2035 Fi·

842 2051 923 2100 stulae
936 2064 1055 2115 quantum
1070 2052 1162 2113 poteris
1171 2051 1228 2100 elue
1238 2066 1263 2098 et
1281 2068 1381 2100 nsassam
1395 2053 1494 2102 entelli·

842 2130 893 2166 tarn
905 2134 949 2182 per
961 2119 1073 2165 cribrum
1087 2116 1182 2177 trajice.
1212 2118 1294 2179 liujus
1307 2118 1398 2179 Pulpae
1409 2121 1491 2183 siugu-

843 2184 872 2230 tis
884 2184 964 2231 Libris
976 2183 1056 2244 adjice
1063 2182 1178 2230 Sacclrari
1185 2183 1294 2231 Tbomae
1302 2177 1367 2232 libr.
1379 2201 1453 2233 unasn
1466 2197 1490 2233 et

842 2249 928 2306 sensis,
948 2260 973 2297 et
988 2259 1068 2295 totum
1081 2249 1252 2312 evaporatione
1264 2250 1294 2296 ad
1309 2248 1397 2311 justam
1412 2252 1491 2317 spissi·

843 2316 955 2363 tudinem
970 2315 1060 2378 redige.

875 2423 977 2470 Poura
994 2421 1125 2468 CASSlAE
1142 2421 1326 2469 COMPOSlTA
1349 2422 1397 2470 rid.
1420 2422 1490 2472 Elec·

842 2489 952 2535 turrium
964 2488 1059 2535 Cassiae
1070 2493 1103 2549 (ρ.
1115 2489 1182 2543 set).

874 2592 1154 2643 Putes-cerannos.
1182 2586 1374 2648 solentium.
1401 2594 1489 2661 Palpo

1004 2654 1148 2720 d’Oynons
1164 2669 1314 2710 commune.

874 2725 952 2789 Pulpa
970 2726 1091 2787 Ceparuus
1109 2725 1204 2774 duabus
1222 2726 1251 2773 lit
1267 2723 1404 2786 methodis,
1422 2728 1487 2777 scili·

841 2802 879 2838 cet
897 2791 932 2837 ris
948 2791 1039 2853 frigida
1055 2806 1101 2853 ope
1114 2790 1229 2849 raduine,
1245 2791 1310 2837 sicut
1326 2791 1403 2853 l'ulpa
1414 2794 1487 2843 attii.

842 2860 906 2903 llacc
916 2855 991 2919 pulpa
1000 2855 1138 2903 acrimonia
1151 2857 1241 2920 gaudet
1256 2855 1349 2904 volatili
1361 2867 1386 2904 et
1396 2859 1488 2909 uirtute

840 2922 1036 2970 antiscorbotica
1053 2920 1162 2984 plantae;
1185 2921 1260 2986 pulpa
1275 2921 1390 2969 coctione
1406 2937 1488 2986 parata

841 2989 915 3049 hujus
934 2987 1086 3037 acrimoniae
1103 2987 1223 3049 jacturam
1239 2986 1313 3046 iecit,
1330 2999 1354 3035 et
1372 2989 1488 3052 cataplas-

840 3055 930 3101 matice
945 3056 1002 3118 agit.
1044 3054 1149 3100 Paratur
1164 3053 1193 3099 ad
1213 3067 1326 3100 normam
1344 3052 1436 3117 Pulpae
1450 3054 1488 3101 dl·

841 3120 931 3168 thecae.

871 3226 976 3273 PULPA
1002 3223 1240 3271 cocttLEatttaF.
1285 3218 1487 3289 terentianus.

1003 3287 1140 3352 Pasipeda
1159 3281 1329 3337 Ouellica-ia.

870 3356 979 3403 Herbam
998 3366 1121 3402 recentem
1135 3354 1293 3402 Cocblesriae
1307 3354 1441 3405 officinalis
1459 3358 1486 3406 in

839 3490 932 3548 tunde,
950 3498 1003 3535 tum
1017 3502 1061 3550 per
1074 3486 1181 3533 crinium
1195 3502 1255 3551 coge
1270 3498 1299 3535 ut
1312 3486 1355 3535 liat
1368 3489 1452 3554 pulpa.

870 3595 975 3643 Putes
1002 3591 1232 3641 CYDONlORUM.
1276 3586 1453 3646 bullencurt.

1030 3658 1117 3719 Pulpe
1134 3657 1168 3706 de
1186 3656 1295 3722 Goinps.

871 3728 948 3772 Poma
964 3725 1136 3788 Cydoniorum
1158 3725 1258 3772 cadulus
1277 3742 1323 3789 ope
1341 3727 1367 3773 in
1387 3728 1484 3791 pultem

838 3792 938 3838 redacta
949 3807 995 3855 per
1005 3790 1118 3837 cribrum
1130 3801 1251 3837 setaceum
1264 3792 1428 3854 trajiciantur.

871 3897 972 3944 Putea
990 3895 1243 3944 CYNORRHODON
1263 3912 1282 3945 s.
1299 3899 1485 3961 Cynosbati.

838 3957 1061 4024 boqcbuttennsost.
1101 3960 1188 4023 Putre
1211 3959 1245 4009 de
1264 3961 1484 4028 cynos-raonem.

870 4037 927 4091 Ph.
947 4037 1034 4090 Gall.
1060 4036 1151 4102 1837s
1178 4045 1283 4092 Fructus
1305 4046 1485 4109 Cynorrbodon

837 4121 894 4156 ante
914 4109 1084 4156 maturitatem
1103 4110 1203 4171 plenam
1225 4110 1343 4170 collecti,
1369 4130 1382 4160 a
1404 4112 1485 4162 limbo

837 4175 923 4223 calicis
936 4186 961 4222 et
975 4174 1123 4236 pedunculis
1136 4174 1252 4235 liberati,
1272 4179 1374 4226 exemtis
1387 4182 1487 4229 semini·

838 4242 884 4288 bus
896 4241 964 4289 duris
974 4251 999 4286 et
1010 4240 1069 4302 pilis
1080 4241 1218 4300 intestinis,
1236 4257 1296 4290 cum
1310 4242 1366 4293 rino
1380 4244 1438 4291 albe
1455 4249 1483 4293 in

837 4323 889 4354 rese
907 4305 1039 4354 murrbinu
1059 4305 1193 4355 humescati
1209 4324 1252 4371 per
1271 4320 1366 4372 tempus
1382 4310 1483 4373 aliquod

836 4373 963 4421 interdum
987 4372 1102 4434 exagitati
1126 4386 1297 4435 seponantur,
1324 4377 1401 4421 donee
1427 4378 1485 4424 satis

836 4437 946 4486 emolliti
955 4439 1048 4485 luerint
1057 4469 1065 4496 ,
1075 4449 1127 4485 turn
1139 4439 1166 4485 in
1180 4440 1302 4487 mortario
1315 4438 1411 4501 lapideo
1422 4441 1486 4490 bene

835 4506 936 4554 contusi
950 4521 994 4568 per
1004 4505 1117 4552 cribrum
1131 4515 1253 4553 setacem
1269 4502 1436 4564 trajiciantur.

878 4612 982 4661 Putea
1011 4609 1242 4659 oscrrtonunl.
1284 4602 1441 4666 Qalltlmati.

1031 4675 1120 4738 Pulpe
1137 4673 1170 4722 de
1186 4672 1294 4722 Dottes.

868 4735 921 4792 Pb·
938 4735 1026 4790 Gall.
1048 4735 1143 4801 18372
1162 4736 1278 4799 Dactyli,
1290 4737 1483 4790 inrateidoueo

834 4807 862 4858 in
879 4807 1066 4872 diaphragmste
1081 4803 1206 4868 perforato
1223 4802 1354 4868 dispositi,
1373 4805 1402 4855 iss
1415 4823 1484 4873 rapo·
